=LDR  01235ntm a22003251i 4500
=001  uab09266734
=003  UAB
=005  20140909183244.0
=006  m|||||o||d||||||||
=007  cr||||||||||||
=008  140909t19721972xx\\\\\\obm\\\000\0deng\d
=040  \\$aUAB$beng$erda$cUAB
=050  \4$aPR9199.3.L33$bZ865 1972
=090  \\$aInternet Access$bAEU
=100  1\$aSokolowki, Thelma Karen,$eauthor.
=245  14$aThe theme of exile in the ficiton of Margaret Laurence /$cby Thelma Karen Sokolowski.
=264  \1$c[1972]
=264  \4$c©1972
=300  \\$a1 online resource (118 pages)
=336  \\$atext$btxt$2rdacontent
=337  \\$acomputer$bc$2rdamedia
=338  \\$aonline resource$bcr$2rdacarrier
=500  \\$a"A thesis submitted to the Faculty of Graduate Studies and Research in partial fulfilment of the requirements for the degree of Master of Arts, Department of English.
=502  \\$bM.A.$cUniversity of Alberta$d2015.
=504  \\$aIncludes bibliographical references (pages 109-111).
=600  10$aLaurence, Margaret,$d1926-1987$xCriticism and interpretation.
=650  \0$aExiles in literature.
=650  \0$aCanadian literature.
=710  2\$aUniversity of Alberta.$bDepartment of English.
=900  \\$aMK13581
=949  \\$zUAIN$zETHESIS

