=LDR  01460ntm a22003851i 4500
=001  uab09268094
=003  UAB
=005  20140911191032.0
=006  m|||||o||d||||||||
=007  cr||||||||||||
=008  140911t19721972xx\\\\\\obm\\\000\0dfre\d
=040  \\$aUAB$beng$erda$cUAB
=041  1\$afre$beng$bfre
=050  \4$aPQ2601.P6$bZ835 1972
=090  \\$aInternet Access$bAEU
=100  1\$aTaylor, Mary Louise,$eauthor.
=245  13$aLe mythe de la femme chez Guillaume Apollinaire /$cpar Mary Louise Taylor.
=264  \1$c[1972]
=264  \4$c©1972
=300  \\$a1 online resource (114 pages)
=336  \\$atext$btxt$2rdacontent
=337  \\$acomputer$bc$2rdamedia
=338  \\$aonline resource$bcr$2rdacarrier
=500  \\$a"A thesis submitted to the Faculty of Graduate Studies and Research in partial fulfilment of the requirements for the degree of [Master of Arts]."
=502  \\$bM.A.$cUniversity of Alberta$d1972.
=504  \\$aIncludes bibliographical references (pages [102]-114).
=546  \\$aIn French; abstract in English and French.
=600  10$aApollinaire, Guillaume,$d1880-1918$xCriticism and interpretation.
=650  \0$aWomen and literature.
=650  \0$aWomen in literature$xHistory and criticism.
=650  \0$aFeminism in literature$xHistory and criticism.
=710  2\$aUniversity of Alberta.
=900  \\$aMK13594
=949  \\$zUAIN$zETHESIS
=987  \\$amissing$b710$dNo department specified.
=987  \\$amissing$btitle page$dNo title page

