=LDR  01223ntm a22003131i 4500
=001  uab09268108
=003  UAB
=005  20140911192359.0
=006  m|||||o||d||||||||
=007  cr||||||||||||
=008  140911t19721972xx\\\\\\obm\\\000\0\eng\d
=040  \\$aUAB$beng$erda$cUAB
=043  \\$af-et---
=050  \4$aS633.5.E78$bT43 1972
=090  \\$aInternet Access$bAEU
=100  1\$aTecle-Medhin, Getachew,$eauthor.
=245  10$aEconomic appraisal of fertilizer use in Ethiopia /$cby Getachew Tecle-Medhin.
=264  \1$c[1972]
=264  \4$c©1972
=300  \\$a1 online resource (107 pages)
=336  \\$atext$btxt$2rdacontent
=337  \\$acomputer$bc$2rdamedia
=338  \\$aonline resource$bcr$2rdacarrier
=500  \\$a"A thesis submitted to the Faculty of Graduate Studies and Research in partial fulfilment of the requirements for the degree of Master of Science, Department of Agriculture Economics and Rural Sociology."
=502  \\$bM. Sc.$cUniversity of Alberta$d1972.
=504  \\$aIncludes bibliographical references (pages 84-87).
=650  \0$aFertilizers$xEconomic aspects$zEthiopia.
=710  2\$aUniversity of Alberta.$bDepartment of Agriculture Economics and Rural Sociology.
=900  \\$aMK13595
=949  \\$zUAIN$zETHESIS

