=LDR  01219ntm a22003251i 4500
=001  uab09268114
=003  UAB
=005  20140911192913.0
=006  m|||||o||d||||||||
=007  cr||||||||||||
=008  140911t19721972xx\\\\\\obm\\\000\0\eng\d
=040  \\$aUAB$beng$erda$cUAB
=050  \4$aQA76.73.A24$bT46 1972
=090  \\$aInternet Access$bAEU
=100  1\$aThomas, Lloyd Keith,$eauthor.
=245  10$aALGOL 68 :$bconsiderations for a one-pass implementation /$cby Lloyd Keith Thomas.
=246  14$aALGOL sixty-eight
=264  \1$c[1972]
=264  \4$c©1972
=300  \\$a1 online resource (129 pages)
=336  \\$atext$btxt$2rdacontent
=337  \\$acomputer$bc$2rdamedia
=338  \\$aonline resource$bcr$2rdacarrier
=500  \\$a"A thesis submitted to the Faculty of Graduate Studies and Research in partial fulfilment of the requirements for the degree of Master of Science, Department of Computing Science."
=502  \\$bM. Sc.$cUniversity of Alberta$d1972.
=504  \\$aIncludes bibliographical references (pages 82-86).
=650  \0$aALGOL (Computer program language)
=650  \0$aComputer programming.
=710  2\$aUniversity of Alberta.$bDepartment of Computing Science.
=900  \\$aMK13596
=949  \\$zUAIN$zETHESIS

