=LDR  01412ntm a22003611i 4500
=001  uab09268135
=003  UAB
=005  20140911193521.0
=006  m|||||o||d||||||||
=007  cr||||||||||||
=008  140911t19721972xx\\\\\\obm\\\000\0deng\d
=040  \\$aUAB$beng$erda$cUAB
=050  \4$aPR3424$b.T46 1972
=090  \\$aInternet Access$bAEU
=100  1\$aThompson, John Osborne,$eauthor.
=245  10$aLove and parentage :$bsome key regularities in Dryden's heroic plays /$cby John Osborne Thompson.
=264  \1$c[1972]
=264  \4$c©1972
=300  \\$a1 online resource (127 pages)
=336  \\$atext$btxt$2rdacontent
=337  \\$acomputer$bc$2rdamedia
=338  \\$aonline resource$bcr$2rdacarrier
=500  \\$a"A thesis submitted to the Faculty of Graduate Studies and Research in partial fulfilment of the requirements for the degree of Master of Arts, Department of English."
=502  \\$bM.A.$cUniversity of Alberta$d1972.
=504  \\$aIncludes bibliographical references (pages 117-127).
=600  10$aDryden, John,$d1631-1700$xCriticism and interpretation.
=600  10$aDryden, John,$d1631-1700$xDramatic works.
=600  10$aDryden, John,$d1631-1700$xPolitical and social views.
=650  \0$aEnglish drama$yRestoration, 1660-1700.
=650  \0$aLove in literature.
=650  \0$aFamilies$vDrama.
=710  2\$aUniversity of Alberta.$bDepartment of English.
=900  \\$aMK13598
=949  \\$zUAIN$zETHESIS

