=LDR  01217ntm a22003371i 4500
=001  uab09268175
=003  UAB
=005  20140911195104.0
=006  m|||||o||d||||||||
=007  cr||||||||||||
=008  140911t19721972xx\adf\\obm\\\000\0\eng\d
=040  \\$aUAB$beng$erda$cUAB
=050  \4$aSB191.R9$bT46 1972
=090  \\$aInternet Access$bAEU
=100  1\$aThomson, Lawrence Wayne,$eauthor.
=245  10$aLipid and amino acid changes in rye during vernalization /$cby Lawrence Wayne Thomson.
=264  \1$c[1972]
=264  \4$c©1972
=300  \\$a1 online resource (103 pages) :$billustrations
=336  \\$atext$btxt$2rdacontent
=337  \\$acomputer$bc$2rdamedia
=338  \\$aonline resource$bcr$2rdacarrier
=500  \\$a"A thesis submitted to the Faculty of Graduate Studies and Research in partial fulfilment of the requirements for the degree of Master of Science, Department of Plant Science."
=502  \\$bM. Sc.$cUniversity of Alberta$d1972.
=504  \\$aIncludes bibliographical references (pages 89-102).
=650  \0$aRye.
=650  \0$aVernalization.
=650  \0$aAmino acids.
=650  \0$aLipids.
=710  2\$aUniversity of Alberta.$bDepartment of Plant Science.
=900  \\$aMK13600
=949  \\$zUAIN$zETHESIS

