=LDR  01209ntm a22003131i 4500
=001  uab09268245
=003  UAB
=005  20140911202522.0
=006  m|||||o||d||||||||
=007  cr||||||||||||
=008  140911t19721972xx\a\\\\obm\\\000\0\eng\d
=040  \\$aUAB$beng$erda$cUAB
=050  \4$aDK4382$b.U73 1972
=090  \\$aInternet Access$bAEU
=100  1\$aUrban, Michael E.,$eauthor.
=245  10$aModernization and the party system in Poland /$cby Michael E. Urban.
=264  \1$c[1972]
=264  \4$c©1972
=300  \\$a1 online resource (234 pages) :$billustrations
=336  \\$atext$btxt$2rdacontent
=337  \\$acomputer$bc$2rdamedia
=338  \\$aonline resource$bcr$2rdacarrier
=500  \\$a"A thesis submitted to the Faculty of Graduate Studies and Research in partial fulfilment of the requirements for the degree of Masters of Arts, Department of Political Science."
=502  \\$bM.A.$cUniversity of Alberta$d1972.
=504  \\$aIncludes bibliographical references (pages 223-234).
=651  \0$aPoland$xPolitics and government$y20th century.
=610  20$aPolska Zjednoczona Partia Robotnicza.
=710  2\$aUniversity of Alberta.$bDepartment of Political Science.
=900  \\$aMK13610
=949  \\$zUAIN$zETHESIS

