=LDR  01292ntm a22003491i 4500
=001  uab09268267
=003  UAB
=005  20140911224249.0
=006  m|||||o||d||||||||
=007  cr||||||||||||
=008  140911t19721972xx\a\\\\obm\\\000\0\eng\d
=040  \\$aUAB$beng$erda$cUAB
=050  \4$aQD341.A4$bV47 1972
=090  \\$aInternet Access$bAEU
=100  1\$aVermeer, Rebecca Arrieta,$eauthor.
=245  10$aMechanism of alcohol formation in liquid n-propyl ether radiolysis :$belectron reactions /$cby Rebecca Arrieta Vermeer.
=264  \1$c[1972]
=264  \4$c©1972
=300  \\$a1 online resource (88 pages) :$billustrations
=336  \\$atext$btxt$2rdacontent
=337  \\$acomputer$bc$2rdamedia
=338  \\$aonline resource$bcr$2rdacarrier
=500  \\$a"A thesis submitted to the Faculty of Graduate Studies and Research in partial fulfilment of the requirements for the degree of Master of Science, Department of Chemistry."
=502  \\$bM. Sc.$cUniversity of Alberta$d1972.
=504  \\$aIncludes bibliographical references (pages 81-84).
=650  \0$aAlcohols.
=650  \0$aEther.
=650  \0$aSolvation.
=650  \0$aPulse radiolysis.
=650  \0$aChemistry, Organic$xResearch.
=710  2\$aUniversity of Alberta.$bDepartment of Chemistry.
=900  \\$aMK13615
=949  \\$zUAIN$zETHESIS

