=LDR  01343ntm a22003371i 4500
=001  uab09268713
=003  UAB
=005  20140912161928.0
=006  m|||||o||d||||||||
=007  cr||||||||||||
=008  140912t19721972xx\ab\\\obm\\\000\0\eng\d
=040  \\$aUAB$beng$erda$cUAB
=043  \\$an-cnp--$an-cn---$an-cn-ab
=050  \4$aF1060.94$b.V64 1972
=090  \\$aInternet Access$bAEU
=100  1\$aVogelesang, Robin Russell,$eauthor.
=245  14$aThe initial agricultural settlement of the Morinville-Westlock area, Alberta /$cby Robin Russell Vogelesang.
=264  \1$c[1972]
=264  \4$c©1972
=300  \\$a1 online resource (82 pages) :$billustrations, maps
=336  \\$atext$btxt$2rdacontent
=337  \\$acomputer$bc$2rdamedia
=338  \\$aonline resource$bcr$2rdacarrier
=500  \\$a"A thesis submitted to the Faculty of Graduate Studies and Research in partial fulfilment of the requirements for the degree of Master of Arts, Department of Geography."
=502  \\$bM.A.$cUniversity of Alberta$d1972.
=504  \\$aIncludes bibliographical references (pages [80]-82).
=650  \0$aFrontier and pioneer life$zNorthwest, Canadian.
=650  \0$aFrontier and pioneer life$zAlberta.
=651  \0$aCanada, Western$xHistorical geography.
=710  2\$aUniversity of Alberta.$bDepartment of Geography.
=900  \\$aMK13617
=949  \\$zUAIN$zETHESIS

