=LDR  01462ntm a22003611i 4500
=001  uab09268769
=003  UAB
=005  20140912200332.0
=006  m|||||o||d||||||||
=007  cr||||||||||||
=008  140912t19721972xx\b\\\\obm\\\000\0\eng\d
=040  \\$aUAB$beng$erda$cUAB
=043  \\$an-cn---$an-cn-ab
=050  \4$aHT169.C3$bW45 1972
=090  \\$aInternet Access$bAEU
=100  1\$aWhite, David Lindsay,$eauthor.
=245  10$aCitizen participation and community development :$bthe case of the charette /$cby David Lindsay White.
=264  \1$c[1972]
=264  \4$c©1972
=300  \\$a1 online resource (118 pages) :$bmaps
=336  \\$atext$btxt$2rdacontent
=337  \\$acomputer$bc$2rdamedia
=338  \\$aonline resource$bcr$2rdacarrier
=500  \\$a"A thesis submitted to the Faculty of Graduate Studies and Research in partial fulfilment of the requirements for the degree of Master of Arts, Interdepartmental Committee in Community Development."
=502  \\$bM.A.$cUniversity of Alberta$d1972.
=504  \\$aIncludes bibliographical references (pages 104-118).
=650  \0$aCity planning$zCanada$zAlberta.
=650  \0$aCity planning$zCanada$xCase studies.
=650  \0$aCity planning$zCanada$xHistory.
=650  \0$aCity planning$zCanada$xCitizen participation.
=650  \0$aCommunity development$zCanada$zAlberta.
=710  2\$aUniversity of Alberta.$bInterdepartmental Committee in Community Development.
=900  \\$aMK13625
=949  \\$zUAIN$zETHESIS

