=LDR  01594ntm a22003851i 4500
=001  uab09268773
=003  UAB
=005  20140912202113.0
=006  m|||||o||d||||||||
=007  cr||||||||||||
=008  140912t19721972xx\b\\\\obm\\\000\0\eng\d
=040  \\$aUAB$beng$erda$cUAB
=043  \\$an-cn-ab$an-cn-sn
=050  \4$aHD1741.C22$bW45 1972
=090  \\$aInternet Access$bAEU
=100  1\$aWhiting, Peter Gouinlock,$eauthor.
=245  13$aAn economic evaluation of recreation in Alberta provincial parks in the South Saskatchewan River basin /$cby Peter Gouinlock Whiting.
=264  \1$c[1972]
=264  \4$c©1972
=300  \\$a1 online resource (124 pages) :$bmap
=336  \\$atext$btxt$2rdacontent
=337  \\$acomputer$bc$2rdamedia
=338  \\$aonline resource$bcr$2rdacarrier
=500  \\$a"A thesis submitted to the Faculty of Graduate Studies and Research in partial fulfilment of the requirements for the degree of Master of Science, Department of Agricultural Economics and Rural Sociology."
=502  \\$bM. Sc.$cUniversity of Alberta$d1972.
=504  \\$aIncludes bibliographical references (pages [91]-93).
=650  \0$aParks$zAlberta$xEconomic aspects.
=650  \0$aRecreation$zAlberta$xEconomic aspects.
=651  \0$aSouth Saskatchewan River (Alta. and Sask.)
=650  \0$aRecreation areas$zAlberta$xEconomic aspects.
=651  \0$aParkland Natural Region (Alta.)
=650  \0$aNatural areas$zAlberta.
=650  \0$aParks$zSaskatchewan.
=710  2\$aUniversity of Alberta.$bDepartment of Agricultural Economics and Rural Sociology.
=900  \\$aMK13627
=949  \\$zUAIN$zETHESIS

