=LDR  01332ntm a22003491i 4500
=001  uab09268782
=003  UAB
=005  20140912215515.0
=006  m|||||o||d||||||||
=007  cr||||||||||||
=008  140912t19721972xx\ad\\\obm\\\000\0\eng\d
=040  \\$aUAB$beng$erda$cUAB
=050  \4$aQA76.9.F5$bW66 1972
=090  \\$aInternet Access$bAEU
=100  1\$aWoo, Peter,$eauthor.
=245  13$aAn O.R. approach to optimize computer file systems /$cby Peter Woo.
=264  \1$c[1972]
=264  \4$c©1972
=300  \\$a1 online resource (104 pages) :$billustrations
=336  \\$atext$btxt$2rdacontent
=337  \\$acomputer$bc$2rdamedia
=338  \\$aonline resource$bcr$2rdacarrier
=500  \\$a"A thesis submitted to the Faculty of Graduate Studies and Research in partial fulfilment of the requirements for the degree of Master of Science, Department of Computing Science."
=502  \\$bM. Sc.$cUniversity of Alberta$d1972.
=504  \\$aIncludes bibliographical references (pages 92-104).
=650  \0$aFile organization (Computer science)
=650  \0$aComputer storage devices.
=650  \0$aNonlinear programming.
=650  \0$aInformation storage and retrieval systems.
=650  \0$aMagnetic recorders and recording.
=710  2\$aUniversity of Alberta.$bDepartment of Computing Science.
=900  \\$aMK13632
=949  \\$zUAIN$zETHESIS

