=LDR  01156ntm a22003131i 4500
=001  uab09268789
=003  UAB
=005  20140912233004.0
=006  m|||||o||d||||||||
=007  cr||||||||||||
=008  140912t19721972xx\af\\\obm\\\000\0\eng\d
=040  \\$aUAB$beng$erda$cUAB
=050  \4$aQC926.32$b.S66 1972
=090  \\$aInternet Access$bAEU
=100  1\$aSroka, Milan,$eauthor.
=245  10$aDesign of an atmospheric icing tunnel /$cby Milan Sroka.
=264  \1$c[1972]
=264  \4$c©1972
=300  \\$a1 online resource (74 pages) :$billustrations
=336  \\$atext$btxt$2rdacontent
=337  \\$acomputer$bc$2rdamedia
=338  \\$aonline resource$bcr$2rdacarrier
=500  \\$a"A thesis submitted to the Faculty of Graduate Studies and Research in partial fulfilment of the requirements for the degree of Master of Science, Department of Mechanical Engineering."
=502  \\$bM. Sc.$cUniversity of Alberta$d1972.
=504  \\$aIncludes bibliographical references (pages [56]-58).
=650  \0$aIcing (Meteorology)
=650  \0$aWind tunnels.
=710  2\$aUniversity of Alberta.$bDepartment of Mechanical Engineering.
=900  \\$aMK13585
=949  \\$zUAIN$zETHESIS

