=LDR  01208ntm a22003011i 4500
=001  uab09267243
=003  UAB
=005  20140910171630.0
=006  m|||||o||d||||||||
=007  cr||||||||||||
=008  140910t19731973xx\\\\\\obm\\\000\0dspa\d
=040  \\$aUAB$beng$erda$cUAB
=050  \4$aPQ7819.A7$bZ863 1973
=090  \\$aInternet Access$bAEU
=100  1\$aSambrook, Ida Leni,$eauthor.
=245  13$aLa Preocupación socio-política en las obras de Alcides Arguedas /$cby Ida Leni Sambrook.
=264  \1$c[1973]
=264  \4$c©1973
=300  \\$a1 online resource (vii, 212 pages)
=336  \\$atext$btxt$2rdacontent
=337  \\$acomputer$bc$2rdamedia
=338  \\$aonline resource$bcr$2rdacarrier
=500  \\$a"A thesis submitted to the Faculty of Graduate Studies and Research in partial fulfilment of the requirements for the degree of Master of Arts in Hispanic Literatures, Department of Romance Languages."
=502  \\$bM.A.$cUniversity of Alberta$d1973.
=504  \\$aIncludes bibliographical references (pages 199-212).
=600  10$aArguedas, Alcides,$d1879-1946$xCriticism and interpretation.
=710  2\$aUniversity of Alberta.$bDepartment of Romance Languages.
=900  \\$aMK15333
=949  \\$zUAIN$zETHESIS

