=LDR  01195ntm a22003251i 4500
=001  uab09267261
=003  UAB
=005  20140910172726.0
=006  m|||||o||d||||||||
=007  cr||||||||||||
=008  140910t19731973xx\\\\\\obm\\\000\0\eng\d
=040  \\$aUAB$beng$erda$cUAB
=050  \4$aQA611.28$b.S45 1973
=090  \\$aInternet Access$bAEU
=100  1\$aSeibel, Richard,$eauthor.
=245  10$aSemimetric, symmetric, & semistratifiable spaces /$cby Richard Seibel.
=246  3\$aSemimetric, symmetric, and semistratifiable spaces
=264  \1$c[1973]
=264  \4$c©1973
=300  \\$a1 online resource (vii, 79 pages)
=336  \\$atext$btxt$2rdacontent
=337  \\$acomputer$bc$2rdamedia
=338  \\$aonline resource$bcr$2rdacarrier
=500  \\$a"A thesis submitted to the Faculty of Graduate Studies and Research in partial fulfilment of the requirements for the degree of Master of Science, Department of Mathematics."
=502  \\$bM. Sc.$cUniversity of Alberta$d1973.
=504  \\$aIncludes bibliographical references (pages 77-79).
=650  \0$aMetric spaces.
=650  \0$aTopology.
=710  2\$aUniversity of Alberta.$bDepartment of Mathematics.
=900  \\$aMK15339
=949  \\$zUAIN$zETHESIS

