=LDR  01217ntm a22003131i 4500
=001  uab09267276
=003  UAB
=005  20140910174706.0
=006  m|||||o||d||||||||
=007  cr||||||||||||
=008  140910t19731973xx\ad\\\obm\\\000\0\eng\d
=040  \\$aUAB$beng$erda$cUAB
=050  \4$aQH595$b.S64 1973
=090  \\$aInternet Access$bAEU
=100  1\$aSpeers, Elizabeth Ann,$eauthor.
=245  10$aNuclear ribonucleases and the degradation of ribonucleic acids in isolated nuclei of Ehrlich ascites cells /$cby Elizabeth Ann Speers.
=264  \1$c[1973]
=264  \4$c©1973
=300  \\$a1 online resource (xii, 77 pages) :$billustrations
=336  \\$atext$btxt$2rdacontent
=337  \\$acomputer$bc$2rdamedia
=338  \\$aonline resource$bcr$2rdacarrier
=500  \\$a"A thesis submitted to the Faculty of Graduate Studies and Research in partial fulfilment of the requirements for the degree of Master of Science, Department of Microbiology."
=502  \\$bM. Sc.$cUniversity of Alberta$d1973.
=504  \\$aIncludes bibliographical references (pages 72-77).
=650  \0$aCell nuclei.
=650  \0$aNucleic acids.
=710  2\$aUniversity of Alberta.$bDepartment of Microbiology.
=900  \\$aMK15356
=949  \\$zUAIN$zETHESIS

