=LDR  01166ntm a22003011i 4500
=001  uab09267329
=003  UAB
=005  20140910193734.0
=006  m|||||o||d||||||||
=007  cr||||||||||||
=008  140910t19731973xx\ad\\\obm\\\000\0\eng\d
=040  \\$aUAB$beng$erda$cUAB
=050  \4$aTA418.7$b.A54 1973
=090  \\$aInternet Access$bAEU
=100  1\$aAngle, Randolph Perry,$eauthor.
=245  10$aAirflow modification due to a change in surface roughness /$cby Randolph Perry Angle.
=264  \1$c[1973]
=264  \4$c©1973
=300  \\$a1 online resource (x, 130 pages) :$billustrations
=336  \\$atext$btxt$2rdacontent
=337  \\$acomputer$bc$2rdamedia
=338  \\$aonline resource$bcr$2rdacarrier
=500  \\$a"A thesis submitted to the Faculty of Graduate Studies and Research in partial fulfilment of the requirements for the degree of Master of Science in Meteorology, Department of Geography."
=502  \\$bM. Sc.$cUniversity of Alberta$d1973.
=504  \\$aIncludes bibliographical references (pages 91-98).
=650  \0$aSurface roughness$xMeasurement.
=710  2\$aUniversity of Alberta.$bDepartment of Geography.
=900  \\$aMK17431
=949  \\$zUAIN$zETHESIS

