=LDR  01147ntm a22003011i 4500
=001  uab09267350
=003  UAB
=005  20140910200526.0
=006  m|||||o||d||||||||
=007  cr||||||||||||
=008  140910t19731973xx\ad\\\obm\\\000\0\eng\d
=040  \\$aUAB$beng$erda$cUAB
=050  \4$aQL737.L33$bS53 1973
=090  \\$aInternet Access$bAEU
=100  1\$aSharp, Peggy Lynn,$eauthor.
=245  10$aBehavior of the pika (Ochotona princeps) in the Kananaskis region of Alberta /$cby Peggy Lynn Sharp.
=264  \1$c[1973]
=264  \4$c©1973
=300  \\$a1 online resource (xi, 107 pages) :$billustrations
=336  \\$atext$btxt$2rdacontent
=337  \\$acomputer$bc$2rdamedia
=338  \\$aonline resource$bcr$2rdacarrier
=500  \\$a"A thesis submitted to the Faculty of Graduate Studies and Research in partial fulfilment of the requirements for the degree of Master of Science, Department of Zoology."
=502  \\$bM. Sc.$cUniversity of Alberta$d1973.
=504  \\$aIncludes bibliographical references (pages 104-105).
=650  \0$aPikas$xBehavior.
=710  2\$aUniversity of Alberta.$bDepartment of Zoology.
=900  \\$aMK15345
=949  \\$zUAIN$zETHESIS

