=LDR  01244ntm a22003251i 4500
=001  uab09267525
=003  UAB
=005  20140911134354.0
=006  m|||||o||d||||||||
=007  cr||||||||||||
=008  140911t19731973xx\ad\\\obm\\\000\0\eng\d
=040  \\$aUAB$beng$erda$cUAB
=050  \4$aSB177.A52$bA46 1973
=090  \\$aInternet Access$bAEU
=100  1\$aAl-Nuaimi, Nawar Selim,$eauthor.
=245  10$aSolute migration during drying of damp powder beds /$cby Nawar Selim Al-Nuaimi.
=264  \1$c[1973]
=264  \4$c©1973
=300  \\$a1 online resource (xii, 121 pages) :$billustrations
=336  \\$atext$btxt$2rdacontent
=337  \\$acomputer$bc$2rdamedia
=338  \\$aonline resource$bcr$2rdacarrier
=500  \\$a"A thesis submitted to the Faculty of Graduate Studies and Research in partial fulfilment of the requirements for the degree of Master of Science in Pharmaceutics, Faculty of Pharmacy and Pharmaceutical Sciences."
=502  \\$bM. Sc.$cUniversity of Alberta$d1973.
=504  \\$aIncludes bibliographical references (pages 119-121).
=650  \0$aAmaranths.
=650  \0$aLathes.
=650  \0$aPowders.
=710  2\$aUniversity of Alberta.$bFaculty of Pharmacy and Pharmaceutical Sciences.
=900  \\$aMK17426
=949  \\$zUAIN$zETHESIS

