=LDR  01196ntm a22003251i 4500
=001  uab09267673
=003  UAB
=005  20140911152354.0
=006  m|||||o||d||||||||
=007  cr||||||||||||
=008  140911t19731973xx\\\\\\obm\\\000\0\eng\d
=040  \\$aUAB$beng$erda$cUAB
=050  \4$aQA76.5$b.W55 1973
=090  \\$aInternet Access$bAEU
=100  1\$aWilmott, Samuel John,$eauthor.
=245  10$aOn the ordering of modes in Algol 68 /$cby Samuel John Wilmott.
=264  \1$c[1973]
=264  \4$c©1973
=300  \\$a1 online resource (vi, 76 pages)
=336  \\$atext$btxt$2rdacontent
=337  \\$acomputer$bc$2rdamedia
=338  \\$aonline resource$bcr$2rdacarrier
=500  \\$a"A thesis submitted to the Faculty of Graduate Studies and Research in partial fulfilment of the requirements for the degree of Master of Science, Department of Computing Science."
=502  \\$bM. Sc.$cUniversity of Alberta$d1973.
=504  \\$aIncludes bibliographical references (pages [47]-49).
=650  \0$aALGOL (Computer program language)
=650  \0$aAlgorithms.
=650  \0$aComputer programming.
=710  2\$aUniversity of Alberta.$bDepartment of Computing Science.
=900  \\$aMK15379
=949  \\$zUAIN$zETHESIS

