=LDR  01182ntm a22003251i 4500
=001  uab09267723
=003  UAB
=005  20140911155330.0
=006  m|||||o||d||||||||
=007  cr||||||||||||
=008  140911t19731973xx\\\\\\obm\\\000\0\eng\d
=040  \\$aUAB$beng$erda$cUAB
=043  \\$an-cn---
=050  \4$aJL27$b.A76 1973
=090  \\$aInternet Access$bAEU
=100  1\$aArmstrong, Patricia Gail,$eauthor.
=245  10$aRegional disparities and the federal system in Canada /$cby Patricia Gail Armstrong.
=264  \1$c[1973]
=264  \4$c©1973
=300  \\$a1 online resource (ix, 147 pages)
=336  \\$atext$btxt$2rdacontent
=337  \\$acomputer$bc$2rdamedia
=338  \\$aonline resource$bcr$2rdacarrier
=500  \\$a"A thesis submitted to the Faculty of Graduate Studies and Research in partial fulfilment of the requirements for the degree of Master of Arts."
=502  \\$bM. Sc.$cUniversity of Alberta$d1973.
=504  \\$aIncludes bibliographical references (pages 143-147).
=650  \0$aFederal government$zCanada.
=651  \0$aCanada$xRegional disparities.
=710  2\$aUniversity of Alberta.$bDepartment of Political Science.
=900  \\$aMK17433
=949  \\$zUAIN$zETHESIS

