=LDR  01155ntm a22003011i 4500
=001  uab09268284
=003  UAB
=005  20140912065741.0
=006  m|||||o||d||||||||
=007  cr||||||||||||
=008  140912t19731973xx\\\\\\obm\\\000\0drus\d
=040  \\$aUAB$beng$erda$cUAB
=050  \4$aPG3948.S3$bO5737 1973
=090  \\$aInternet Access$bAEU
=100  1\$aShtendera,͡ IEvhen,$eauthor.
=245  10$a[Russian characters] =$bUlas Samchuk's novel On solid land : a criticism /$cby Yevhen Shtendera.
=264  \1$c[1973]
=264  \4$c©1973
=300  \\$a1 online resource (116 pages)
=336  \\$atext$btxt$2rdacontent
=337  \\$acomputer$bc$2rdamedia
=338  \\$aonline resource$bcr$2rdacarrier
=500  \\$a"A thesis submitted to the Faculty of Graduate Studies and Research in partial fulfilment of the requirements for the degree of Master of Arts, Department of Slavic Languages."
=502  \\$bM.A.$cUniversity of Alberta$d1973.
=504  \\$aIncludes bibliographical references (pages [112]-116).
=600  10$aSamchuk, Ulas.$tOn solid land.
=710  2\$aUniversity of Alberta.$bDepartment of Slavic Languages.
=900  \\$aMK17685
=949  \\$zUAIN$zETHESIS

