=LDR  01149ntm a22003011i 4500
=001  uab09268289
=003  UAB
=005  20140912072427.0
=006  m|||||o||d||||||||
=007  cr||||||||||||
=008  140912t19731973xx\ad\\\obm\\\000\0\eng\d
=040  \\$aUAB$beng$erda$cUAB
=050  \4$aQC233$b.S74 1973
=090  \\$aInternet Access$bAEU
=100  1\$aStead, Gordon,$eauthor.
=245  12$aA finite element approach to sound transmission between rooms /$cby Gordon Stead.
=264  \1$c[1973]
=264  \4$c©1973
=300  \\$a1 online resource (111 pages) :$billustrations
=336  \\$atext$btxt$2rdacontent
=337  \\$acomputer$bc$2rdamedia
=338  \\$aonline resource$bcr$2rdacarrier
=500  \\$a"A thesis submitted to the Faculty of Graduate Studies and Research in partial fulfilment of the requirements for the degree of Master of Science, Department of Mechanical Engineering."
=502  \\$bM. Sc.$cUniversity of Alberta$d1973.
=504  \\$aIncludes bibliographical references (pages 81-84).
=650  \0$aSound$xTransmission.
=710  2\$aUniversity of Alberta.$bDepartment of Mechanical Engineering.
=900  \\$aMK17698
=949  \\$zUAIN$zETHESIS

