=LDR  01192ntm a22003131i 4500
=001  uab09268302
=003  UAB
=005  20140912083503.0
=006  m|||||o||d||||||||
=007  cr||||||||||||
=008  140912t19731973xx\ad\\\obm\\\000\0\eng\d
=040  \\$aUAB$beng$erda$cUAB
=050  \4$aTK6565.A6$bV47 1973
=090  \\$aInternet Access$bAEU
=100  1\$aVermeulen, Henry William Richard,$eauthor.
=245  10$aBeverage antennas for bio-telemetry /$cby Henry William Richard Vermeulen.
=264  \1$c[1973]
=264  \4$c©1973
=300  \\$a1 online resource (136 pages) :$billustrations
=336  \\$atext$btxt$2rdacontent
=337  \\$acomputer$bc$2rdamedia
=338  \\$aonline resource$bcr$2rdacarrier
=500  \\$a"A thesis submitted to the Faculty of Graduate Studies and Research in partial fulfilment of the requirements for the degree of Master of Science, Department of Electrical Engineering."
=502  \\$bM. Sc.$cUniversity of Alberta$d1973.
=504  \\$aIncludes bibliographical references (pages 120-122).
=650  \0$aBiotelemetry.
=650  \0$aRadio$xAntennas.
=710  2\$aUniversity of Alberta.$bDepartment of Electrical Engineering.
=900  \\$aMK17715
=949  \\$zUAIN$zETHESIS

