=LDR  01257ntm a22003131i 4500
=001  uab09268319
=003  UAB
=005  20140912091802.0
=006  m|||||o||d||||||||
=007  cr||||||||||||
=008  140912t19731973xx\abd\\obm\\\000\0\eng\d
=040  \\$aUAB$beng$erda$cUAB
=050  \4$aQL737.R68$bW44 1973
=090  \\$aInternet Access$bAEU
=100  1\$aWehrell, Susan,$eauthor.
=245  10$aSocial organization and social status in relation to aspects of activity in Richardson's ground squirrel, Spermophilus Richardsonii /$cby Susan Wehrell.
=264  \1$c[1973]
=264  \4$c©1973
=300  \\$a1 online resource (vii, 126 pages) :$billustrations, map
=336  \\$atext$btxt$2rdacontent
=337  \\$acomputer$bc$2rdamedia
=338  \\$aonline resource$bcr$2rdacarrier
=500  \\$a"A thesis submitted to the Faculty of Graduate Studies and Research in partial fulfilment of the requirements for the degree of Master of Science, Department of Zoology."
=502  \\$bM. Sc.$cUniversity of Alberta$d1973.
=504  \\$aIncludes bibliographical references (pages 116-119).
=650  \0$aGround squirrels$xBehavior.
=650  \0$aSocial behavior in animals.
=710  2\$aUniversity of Alberta.$bDepartment of Zoology.
=900  \\$aMK17724
=949  \\$zUAIN$zETHESIS

