=LDR  01222ntm a22003131i 4500
=001  uab09268334
=003  UAB
=005  20140912094348.0
=006  m|||||o||d||||||||
=007  cr||||||||||||
=008  140912t19731973xx\b\\\\obm\\\000\0\eng\d
=040  \\$aUAB$beng$erda$cUAB
=050  \4$aHE373.C23$bC359 1973
=090  \\$aInternet Access$bAEU
=100  1\$aWilliamson, William John,$eauthor.
=245  10$aUniversity transportation prediction model /$cby William John Williamson.
=264  \1$c[1973]
=264  \4$c©1973
=300  \\$a1 online resource (xvii, 307 pages) :$bmaps
=336  \\$atext$btxt$2rdacontent
=337  \\$acomputer$bc$2rdamedia
=338  \\$aonline resource$bcr$2rdacarrier
=500  \\$a"A thesis submitted to the Faculty of Graduate Studies and Research in partial fulfilment of the requirements for the degree of Master of Science, Department of Civil Engineering."
=502  \\$bM. Sc.$cUniversity of Alberta$d1973.
=504  \\$aIncludes bibliographical references (pages 229-234).
=650  \0$aTraffic estimation$zAlberta$zCalgary.
=650  \0$aTransportation$xResearch$zAlberta$zCalgary.
=710  2\$aUniversity of Alberta.$bDepartment of Civil Engineering.
=900  \\$aMK17734
=949  \\$zUAIN$zETHESIS

