=LDR  01211ntm a22003131i 4500
=001  uab09268794
=003  UAB
=005  20140913073053.0
=006  m|||||o||d||||||||
=007  cr||||||||||||
=008  140913t19731973xx\b\\\\obm\\\000\0\eng\d
=040  \\$aUAB$beng$erda$cUAB
=050  \4$aHE8700.7$b.Z65 1973
=090  \\$aInternet Access$bAEU
=100  1\$aZolf, Dorothy,$eauthor.
=245  10$aCommunity antennae television :$ba tool for community development /$cby Dorothy Zolf.
=264  \1$c[1973]
=264  \4$c©1973
=300  \\$a1 online resource (159 pages) :$bmap
=336  \\$atext$btxt$2rdacontent
=337  \\$acomputer$bc$2rdamedia
=338  \\$aonline resource$bcr$2rdacarrier
=500  \\$a"A thesis submitted to the Faculty of Graduate Studies and Research in partial fulfilment of the requirements for the degree of Master of Arts, Interdepartmental Committee in Community Development."
=502  \\$bM.A.$cUniversity of Alberta$d1973.
=504  \\$aIncludes bibliographical references (pages 139-148).
=650  \0$aCable television.
=650  \0$aCommunity development.
=710  2\$aUniversity of Alberta.$bInterdepartmental Committee in Community Development.
=900  \\$aMK17747
=949  \\$zUAIN$zETHESIS

