=LDR  01161ntm a22003131i 4500
=001  uab09268797
=003  UAB
=005  20140913075352.0
=006  m|||||o||d||||||||
=007  cr||||||||||||
=008  140913t19741974xx\ad\\\obm\\\000\0\eng\d
=040  \\$aUAB$beng$erda$cUAB
=050  \4$aQH212.F5$bA43 1974
=090  \\$aInternet Access$bAEU
=100  1\$aAmano, Jun,$eauthor.
=245  10$aField ion microscopy of field corrosion of tungsten /$cby Jun Amano.
=264  \1$c[1974]
=264  \4$c©1974
=300  \\$a1 online resource (63 pages) :$billustrations
=336  \\$atext$btxt$2rdacontent
=337  \\$acomputer$bc$2rdamedia
=338  \\$aonline resource$bcr$2rdacarrier
=500  \\$a"A thesis submitted to the Faculty of Graduate Studies and Research in partial fulfilment of the requirements for the degree of Master of Science, Department of Electrical Engineering."
=502  \\$bM. Sc.$cUniversity of Alberta$d1974.
=504  \\$aIncludes bibliographical references (pages 60-63).
=650  \0$aField ion microscopy.
=650  \0$aTungsten.
=710  2\$aUniversity of Alberta.$bDepartment of Electrical Engineering.
=900  \\$aMK20961
=949  \\$zUAIN$zETHESIS

