=LDR  01195ntm a22003131i 4500
=001  uab09268801
=003  UAB
=005  20140913081538.0
=006  m|||||o||d||||||||
=007  cr||||||||||||
=008  140913t19741974xx\ad\\\obm\\\000\0\eng\d
=040  \\$aUAB$beng$erda$cUAB
=050  \4$aQK623.S23
=090  \\$aInternet Access$bAEU
=100  1\$aBrychcy, Teresa,$eauthor.
=245  10$aSpontaneous mutability in strains of Saccharomyces cerevisiae sensitive to ultraviolet radiation /$cby Teresa Brychcy.
=264  \1$c[1974]
=264  \4$c©1974
=300  \\$a1 online resource (144 pages) :$billustrations
=336  \\$atext$btxt$2rdacontent
=337  \\$acomputer$bc$2rdamedia
=338  \\$aonline resource$bcr$2rdacarrier
=500  \\$a"A thesis submitted to the Faculty of Graduate Studies and Research in partial fulfilment of the requirements for the degree of Master of Science, Department of Genetics."
=502  \\$bM. Sc.$cUniversity of Alberta$d1974.
=504  \\$aIncludes bibliographical references (pages 117-125).
=650  \0$aSaccharomyces cerevisiae.
=650  \0$aMutation (Biology)
=710  2\$aUniversity of Alberta.$bDepartment of Genetics.
=900  \\$aMK20974
=949  \\$zUAIN$zETHESIS

