=LDR  01194ntm a22003131i 4500
=001  uab09268736
=003  UAB
=005  20140912172632.0
=006  m|||||o||d||||||||
=007  cr||||||||||||
=008  140912t19741974xx\a\\\\obm\\\000\0\eng\d
=040  \\$aUAB$beng$erda$cUAB
=050  \4$aSF199.C5$bG66 1974
=090  \\$aInternet Access$bAEU
=100  1\$aGoonewardene, Laksiri Anura,$eauthor.
=245  14$aThe genetics of arthrogryposis in Charolais cattle /$cby Laksiri Anura Goonewardene.
=264  \1$c[1974]
=264  \4$c©1974
=300  \\$a1 online resource (xi, 68 pages) :$billustrations
=336  \\$atext$btxt$2rdacontent
=337  \\$acomputer$bc$2rdamedia
=338  \\$aonline resource$bcr$2rdacarrier
=500  \\$a"A thesis submitted to the Faculty of Graduate Studies and Research in partial fulfilment of the requirements for the degree of Master of Science, Department of Animal Science."
=502  \\$bM. Sc.$cUniversity of Alberta$d1974.
=504  \\$aIncludes bibliographical references (pages 59-61).
=650  \0$aCharolais cattle$xGenetics.
=650  \0$aArthrogryposis.
=710  2\$aUniversity of Alberta.$bDepartment of Animal Science.
=900  \\$aMK21018
=949  \\$zUAIN$zETHESIS

