=LDR  01145ntm a22003011i 4500
=001  uab09268751
=003  UAB
=005  20140912181115.0
=006  m|||||o||d||||||||
=007  cr||||||||||||
=008  140912t19741974xx\\\\\\obm\\\000\0deng\d
=040  \\$aUAB$beng$erda$cUAB
=050  \4$aPR6029.C33$bA6 1974
=090  \\$aInternet Access$bAEU
=100  1\$aLambert, Helen Lillian,$eauthor.
=245  14$aThe war motif in Sean O'Casey's Dublin trilogy /$cby Helen Lillian Lambert.
=264  \1$c[1974]
=264  \4$c©1974
=300  \\$a1 online resource (vi, 171 pages)
=336  \\$atext$btxt$2rdacontent
=337  \\$acomputer$bc$2rdamedia
=338  \\$aonline resource$bcr$2rdacarrier
=500  \\$a"A thesis submitted to the Faculty of Graduate Studies and Research in partial fulfilment of the requirements for the degree of Master of Arts, Department of English."
=502  \\$bM.A.$cUniversity of Alberta$d1974.
=504  \\$aIncludes bibliographical references (pages 165-171).
=600  10$aO'Casey, Sean,$d1880-1964$xCriticism and interpretation.
=710  2\$aUniversity of Alberta.$bDepartment of English.
=900  \\$aMK21047
=949  \\$zUAIN$zETHESIS

