=LDR  01218ntm a22003131i 4500
=001  uab09268756
=003  UAB
=005  20140912182612.0
=006  m|||||o||d||||||||
=007  cr||||||||||||
=008  140912t19741974xx\ad\\\obm\\\000\0\eng\d
=040  \\$aUAB$beng$erda$cUAB
=050  \4$aQC174.85.I8$bC43 1974
=090  \\$aInternet Access$bAEU
=100  1\$aChan, C. F. S.,$eauthor.
=245  10$aCritical behaviour of the three-dimensional, spin 1/2 Ising model on the hydrogen peroxide lattice /$cby C.F.S. Chan.
=264  \1$c[1974]
=264  \4$c©1974
=300  \\$a1 online resource (xiv, 125 pages) :$billustrations
=336  \\$atext$btxt$2rdacontent
=337  \\$acomputer$bc$2rdamedia
=338  \\$aonline resource$bcr$2rdacarrier
=500  \\$a"A thesis submitted to the Faculty of Graduate Studies and Research in partial fulfilment of the requirements for the degree of Master of Science in Theoretical Physics, Department of Physics."
=502  \\$bM. Sc.$cUniversity of Alberta$d1974.
=504  \\$aIncludes bibliographical references (pages [94]-97).
=650  \0$aIsing model.
=650  \0$aHydrogen peroxide.
=710  2\$aUniversity of Alberta.$bDepartment of Physics.
=900  \\$aMK20981
=949  \\$zUAIN$zETHESIS

