=LDR  01180ntm a22003011i 4500
=001  uab09268762
=003  UAB
=005  20140912190500.0
=006  m|||||o||d||||||||
=007  cr||||||||||||
=008  140912t19741974xx\d\\\\obm\\\000\0\eng\d
=040  \\$aUAB$beng$erda$cUAB
=050  \4$aPE1133$b.E93 1974
=090  \\$aInternet Access$bAEU
=100  1\$aEvans, Annabel Ness,$eauthor.
=245  14$aThe effects of phonemic similarity on paired-associate transfer with high-meaningful stimuli /$cby Annabel Ness Evans.
=264  \1$c[1974]
=264  \4$c©1974
=300  \\$a1 online resource (ix, 56 pages) :$billustrations
=336  \\$atext$btxt$2rdacontent
=337  \\$acomputer$bc$2rdamedia
=338  \\$aonline resource$bcr$2rdacarrier
=500  \\$a"A thesis submitted to the Faculty of Graduate Studies and Research in partial fulfilment of the requirements for the degree of Master of Science, Department of Psychology."
=502  \\$bM. Sc.$cUniversity of Alberta$d1974.
=504  \\$aIncludes bibliographical references (pages 43-45).
=650  \0$aEnglish language$xPhonemics.
=710  2\$aUniversity of Alberta.$bDepartment of Psychology.
=900  \\$aMK21005
=949  \\$zUAIN$zETHESIS

