=LDR  01229ntm a22003251i 4500
=001  uab09268768
=003  UAB
=005  20140912200151.0
=006  m|||||o||d||||||||
=007  cr||||||||||||
=008  140912t19741974xx\ad\\\obm\\\000\0\eng\d
=040  \\$aUAB$beng$erda$cUAB
=043  \\$an-cn-ab
=050  \4$aQK495.G74$bH47 1974
=090  \\$aInternet Access$bAEU
=100  1\$aHerman, William Allan,$eauthor.
=245  10$aChemical composition of roots and decomposing root residues from three grass species /$cby William Allan Herman.
=264  \1$c[1974]
=264  \4$c©1974
=300  \\$a1 online resource (xiv, 100 pages) :$billustrations
=336  \\$atext$btxt$2rdacontent
=337  \\$acomputer$bc$2rdamedia
=338  \\$aonline resource$bcr$2rdacarrier
=500  \\$a"Submitted to the Faculty of Graduate Studies and Research in partial fulfilment of the requirements for the degree of Master of Science, Department of Soil Science."
=502  \\$bM. Sc.$cUniversity of Alberta$d1974.
=504  \\$aIncludes bibliographical references (pages 91-94).
=650  \0$aGrasses$zAlberta.
=650  \0$aBiodegradation$zAlberta.
=710  2\$aUniversity of Alberta.$bDepartment of Soil Science.
=900  \\$aMK21028
=949  \\$zUAIN$zETHESIS

