=LDR  01152ntm a22003011i 4500
=001  uab09268770
=003  UAB
=005  20140912200921.0
=006  m|||||o||d||||||||
=007  cr||||||||||||
=008  140912t19741974xx\a\\\\obm\\\000\0\eng\d
=040  \\$aUAB$beng$erda$cUAB
=050  \4$aPE1205$b.I56 1974
=090  \\$aInternet Access$bAEU
=100  1\$aInnes, Susan J.,$eauthor.
=245  10$aDevelopmental aspects of plural formation in English /$cby Susan J. Innes.
=264  \1$c[1974]
=264  \4$c©1974
=300  \\$a1 online resource (viii, 47 pages) :$billustrations
=336  \\$atext$btxt$2rdacontent
=337  \\$acomputer$bc$2rdamedia
=338  \\$aonline resource$bcr$2rdacarrier
=500  \\$a"A thesis submitted to the Faculty of Graduate Studies and Research in partial fulfilment of the requirements for the degree of Master of Science in Psycholinguistics, Department of Linguistics."
=502  \\$bM. Sc.$cUniversity of Alberta$d1974.
=504  \\$aIncludes bibliographical references (pages 45-46).
=650  \0$aEnglish language, Noun.
=710  2\$aUniversity of Alberta.$bDepartment of Linguistics.
=900  \\$aMK21031
=949  \\$zUAIN$zETHESIS

