=LDR  01131ntm a22003131i 4500
=001  uab09268772
=003  UAB
=005  20140912201748.0
=006  m|||||o||d||||||||
=007  cr||||||||||||
=008  140912t19741974xx\\\\\\obm\\\000\0\eng\d
=040  \\$aUAB$beng$erda$cUAB
=050  \4$aHG3891$b.L36 1974
=090  \\$aInternet Access$bAEU
=100  1\$aLandry, Leonard,$eauthor.
=245  10$aPrivate short-term international capital flows /$cby Leonard Landry.
=264  \1$c[1974]
=264  \4$c©1974
=300  \\$a1 online resource (vii, 86 pages)
=336  \\$atext$btxt$2rdacontent
=337  \\$acomputer$bc$2rdamedia
=338  \\$aonline resource$bcr$2rdacarrier
=500  \\$a"A thesis submitted to the Faculty of Graduate Studies and Research in partial fulfilment of the requirements for the degree of Master of Arts, Department of Economics."
=502  \\$bM.A.$cUniversity of Alberta$d1974.
=504  \\$aIncludes bibliographical references (pages 85-86).
=650  \0$aCapital movements.
=650  \0$aInvestments, Foreign.
=710  2\$aUniversity of Alberta.$bDepartment of Economics.
=900  \\$aMK21048
=949  \\$zUAIN$zETHESIS

