=LDR  01334ntm a22003491i 4500
=001  uab09268774
=003  UAB
=005  20140912202416.0
=006  m|||||o||d||||||||
=007  cr||||||||||||
=008  140912t19741974xx\\\\\\obm\\\000\0\eng\d
=040  \\$aUAB$beng$erda$cUAB
=043  \\$an-cnp--
=050  \4$aHD1790.P73$bM33 1974
=090  \\$aInternet Access$bAEU
=100  1\$aMacdonald, Ronald Ian,$eauthor.
=245  10$aMonopoly capitalism and prairie agriculture in Canada :$ba study in political economy /$cby Ronald Ian Macdonald.
=264  \1$c[1974]
=264  \4$c©1974
=300  \\$a1 online resource (vi, 111 pages)
=336  \\$atext$btxt$2rdacontent
=337  \\$acomputer$bc$2rdamedia
=338  \\$aonline resource$bcr$2rdacarrier
=500  \\$a"A thesis submitted to the Faculty of Graduate Studies and Research in partial fulfilment of the requirements for the degree of Master of Arts, Department of Political Science."
=502  \\$bM.A.$cUniversity of Alberta$d1974.
=504  \\$aIncludes bibliographical references (pages 108-111).
=650  \0$aAgriculture$xEconomic aspects$zPrairie Provinces.
=650  \0$aAgriculture and state$zPrairie Provinces.
=650  \0$aCapitalism.
=650  \0$aMonopolies.
=710  2\$aUniversity of Alberta.$bDepartment of Political Science.
=900  \\$aMK21058
=949  \\$zUAIN$zETHESIS

