=LDR  01231ntm a22003131i 4500
=001  uab09269061
=003  UAB
=005  20140915112121.0
=006  m|||||o||d||||||||
=007  cr||||||||||||
=008  140915t19741974xx\ad\\\obm\\\000\0\eng\d
=040  \\$aUAB$beng$erda$cUAB
=050  \4$aQC320.36$b.E94 1974
=090  \\$aInternet Access$bAEU
=100  1\$aEze, C. Ogugua A.,$eauthor.
=245  12$aA study of the temperature and wall heat flux distributions of enclosed turbulent flames /$cby C. Ogugua A. Eze.
=264  \1$c[1974]
=264  \4$c©1974
=300  \\$a1 online resource (xvii, 153 pages) :$billustrations
=336  \\$atext$btxt$2rdacontent
=337  \\$acomputer$bc$2rdamedia
=338  \\$aonline resource$bcr$2rdacarrier
=500  \\$a"A thesis submitted to the Faculty of Graduate Studies and Research in partial fulfilment of the requirements for the degree of Master of Science, Department of Mechanical Engineering."
=502  \\$bM. Sc.$cUniversity of Alberta$d1974.
=504  \\$aIncludes bibliographical references (pages 96-100).
=650  \0$aHeat flux$xResearch.
=650  \0$aCombustion chambers.
=710  2\$aUniversity of Alberta.$bDepartment of Mechanical Engineering.
=900  \\$aMK21006
=949  \\$zUAIN$zETHESIS

