=LDR  01120ntm a22003011i 4500
=001  uab09269067
=003  UAB
=005  20140915113236.0
=006  m|||||o||d||||||||
=007  cr||||||||||||
=008  140915t19741974xx\d\\\\obm\\\000\0\eng\d
=040  \\$aUAB$beng$erda$cUAB
=050  \4$aHF1713$b.G55 1974
=090  \\$aInternet Access$bAEU
=100  1\$aGilfix, Donald,$eauthor.
=245  10$aEffective protection and the protective effect /$cby Donald Gilfix.
=264  \1$c[1974]
=264  \4$c©1974
=300  \\$a1 online resource (viii, 61 pages) :$billustrations
=336  \\$atext$btxt$2rdacontent
=337  \\$acomputer$bc$2rdamedia
=338  \\$aonline resource$bcr$2rdacarrier
=500  \\$a"A thesis submitted to the Faculty of Graduate Studies and Research in partial fulfillment of the requirements for the degree of Master of Arts, Department of Economics."
=502  \\$bM.A.$cUniversity of Alberta$d1974.
=504  \\$aIncludes bibliographical references (pages 59-61).
=650  \0$aTariff$xMathematical models.
=710  2\$aUniversity of Alberta.$bDepartment of Economics.
=900  \\$aMK21015
=949  \\$zUAIN$zETHESIS

