=LDR  01169ntm a22003131i 4500
=001  uab09269090
=003  UAB
=005  20140915120610.0
=006  m|||||o||d||||||||
=007  cr||||||||||||
=008  140915t19741974xx\\\\\\obm\\\000\0\eng\d
=040  \\$aUAB$beng$erda$cUAB
=050  \4$aQA76.5$b.J35 1974
=090  \\$aInternet Access$bAEU
=100  1\$aJakes, Robert,$eauthor.
=245  12$aA new concept of digitized uniform pseudorandom number generation /$cby Robert Jakes.
=264  \1$c[1974]
=264  \4$c©1974
=300  \\$a1 online resource (vii, 68 pages)
=336  \\$atext$btxt$2rdacontent
=337  \\$acomputer$bc$2rdamedia
=338  \\$aonline resource$bcr$2rdacarrier
=500  \\$a"A thesis submitted to the Faculty of Graduate Studies and Research in partial fulfillment of the requirements for the degree of Master of Science, Department of Computing Science."
=502  \\$bM. Sc$cUniversity of Alberta$d1974.
=504  \\$aIncludes bibliographical references (pages 44-46).
=650  \0$aRandom number generators.
=650  \0$aNumbers, Random.
=710  2\$aUniversity of Alberta.$bDepartment of Computing Science.
=900  \\$aMK21033
=949  \\$zUAIN$zETHESIS

