=LDR  01204ntm a22003131i 4500
=001  uab09269101
=003  UAB
=005  20140915122639.0
=006  m|||||o||d||||||||
=007  cr||||||||||||
=008  140915t19741974xx\ad\\\obm\\\000\0\eng\d
=040  \\$aUAB$beng$erda$cUAB
=050  \4$aQR185.5$b.L36 1974
=090  \\$aInternet Access$bAEU
=100  1\$aLao, Vincent Siao-Hsiung,$eauthor.
=245  10$aStudies of cell mediated immunity by cell migration inhibition /$cby Vincent Siao-Hsiung Lao.
=264  \1$c[1974]
=264  \4$c©1974
=300  \\$a1 online resource (xii, 164 pages) :$billustrations
=336  \\$atext$btxt$2rdacontent
=337  \\$acomputer$bc$2rdamedia
=338  \\$aonline resource$bcr$2rdacarrier
=500  \\$a"A thesis submitted to the Faculty of Graduate Studies and Research in partial fulfillment of the requirements for the degree of Master of Science in Immunology, Department of Paediatrics."
=502  \\$bM. Sc.$cUniversity of Alberta$d1974.
=504  \\$aIncludes bibliographical references (pages 132-158).
=650  \0$aCell migration.
=650  \0$aCellular immunity.
=710  2\$aUniversity of Alberta.$bDepartment of Paediatrics.
=900  \\$aMK21049
=949  \\$zUAIN$zETHESIS

