=LDR  01306ntm a22003251i 4500
=001  uab09269107
=003  UAB
=005  20140915123447.0
=006  m|||||o||d||||||||
=007  cr||||||||||||
=008  140915t19741974xx\\\\\\obm\\\000\0\eng\d
=040  \\$aUAB$beng$erda$cUAB
=043  \\$an-cn-ab
=050  \4$aRC565.9.C2$bM33 1974
=090  \\$aInternet Access$bAEU
=100  1\$aMacDougall, Alexander Joseph,$eauthor.
=245  10$aAlberta alcoholism treatment programs :$bcommunity development and citizen involvement /$cby Alexander Joseph MacDougall.
=264  \1$c[1974]
=264  \4$c©1974
=300  \\$a1 online resource (x, 163 pages)
=336  \\$atext$btxt$2rdacontent
=337  \\$acomputer$bc$2rdamedia
=338  \\$aonline resource$bcr$2rdacarrier
=500  \\$a"A thesis submitted to the Faculty of Graduate Studies and Research in partial fulfilment of the requirements for the degree of Master of Arts, Interdepartmental Committee in Community Development."
=502  \\$bM.A.$cUniversity of Alberta$d1974.
=504  \\$aIncludes bibliographical references (pages 160-163).
=650  \0$aAlcoholism$xTreatment$zAlberta.
=650  \0$aCommunity development$zAlberta.
=710  2\$aUniversity of Alberta.$bInterdepartmental Committee in Community Development.
=900  \\$aMK21059
=949  \\$zUAIN$zETHESIS

