=LDR  01290ntm a22003371i 4500
=001  uab09268791
=003  UAB
=005  20140912235102.0
=006  m|||||o||d||||||||
=007  cr||||||||||||
=008  140912t19741974xx\\\\\\obm\\\000\0dfre\d
=040  \\$aUAB$beng$erda$cUAB
=041  0\$afre$beng$bfre
=050  \4$aPQ2635.O9628$bZ738 1974
=090  \\$aInternet Access$bAEU
=100  1\$aMartel-Gauthier, Angeline,$eauthor.
=245  13$aLe mythe de Saint-Pol-Roux /$cby Angeline Martel-Gauthier.
=264  \1$c[1974]
=264  \4$c©1974
=300  \\$a1 online resource (vi, 245 pages)
=336  \\$atext$btxt$2rdacontent
=337  \\$acomputer$bc$2rdamedia
=338  \\$aonline resource$bcr$2rdacarrier
=500  \\$a"A thesis submitted to the Faculty of Graduate Studies and Research in partial fulfilment of the requirements for the degree of Master of Arts, Department of Romance Languages."
=502  \\$bM.A.$cUniversity of Alberta$d1974.
=504  \\$aIncludes bibliographical references (pages 225-245).
=546  \\$aIn French; abstract in English and French.
=600  00$aSaint-Pol-Roux,$d1861-1940$xCriticism and Interpretation.
=650  \0$aFrench poetry$y20th century.
=710  2\$aUniversity of Alberta.$bDepartment of Romance Languages.
=900  \\$aMK21063
=949  \\$zUAIN$zETHESIS

