=LDR  01398ntm a22003491i 4500
=001  uab09268888
=003  UAB
=005  20140913190744.0
=006  m|||||o||d||||||||
=007  cr||||||||||||
=008  140913t19741974xx\\\\\\obm\\\000\0\eng\d
=040  \\$aUAB$beng$erda$cUAB
=043  \\$an-cn-ab
=050  \4$aUB345.C2$bM55 1974
=090  \\$aInternet Access$bAEU
=100  1\$aMiller, James A.,$eauthor.
=245  14$aThe Alberta press and the conscription issue in the First World War, 1914-1918 /$cby James A. Miller.
=264  \1$c[1974]
=264  \4$c©1974
=300  \\$a1 online resource (xiii, 238 pages)
=336  \\$atext$btxt$2rdacontent
=337  \\$acomputer$bc$2rdamedia
=338  \\$aonline resource$bcr$2rdacarrier
=500  \\$a"A thesis submitted to the Faculty of Graduate Studies and Research in partial fulfilment of the requirements for the degree of Master of Arts, Department of History."
=502  \\$bM.A.$cUniversity of Alberta$d1974.
=504  \\$aIncludes bibliographical references (pages 230-238).
=650  \0$aDraft$zCanada$xHistory$xWorld War, 1914-1918.
=651  \0$aCanada$xArmed Forces$xRecruiting, enlistment, etc.$xWorld War, 1914-1918.
=651  \0$aCanada$xPolitics and government$y1914-1918$xHistory and Criticism.
=650  \0$aCanadian newspapers$zAlberta.
=710  2\$aUniversity of Alberta.$bDepartment of History.
=900  \\$aMK21068
=949  \\$zUAIN$zETHESIS

