=LDR  01465ntm a22003851i 4500
=001  uab09268903
=003  UAB
=005  20140913195427.0
=006  m|||||o||d||||||||
=007  cr||||||||||||
=008  140913t19741974xx\ad\\\obm\\\000\0\eng\d
=040  \\$aUAB$beng$erda$cUAB
=050  \4$aTA492.W4$b.M69 1974
=090  \\$aInternet Access$bAEU
=100  1\$aMozeson, Charles Edward,$eauthor.
=245  10$aFatigue crack propagation in line pipe steel weldments /$cby Charles Edward Mozeson.
=264  \1$c[1974]
=264  \4$c©1974
=300  \\$a1 online resource (ix, 56 pages) :$billustrations
=336  \\$atext$btxt$2rdacontent
=337  \\$acomputer$bc$2rdamedia
=338  \\$aonline resource$bcr$2rdacarrier
=500  \\$a"A thesis submitted to the Faculty of Graduate Studies and Research in partial fulfilment of the requirements for the degree of Master of Science in Metallurgical Engineering, Department of Mineral Engineering."
=502  \\$bM. Sc.$cUniversity of Alberta$d1974.
=504  \\$aIncludes bibliographical references (pages 54-56).
=650  \0$aMetals$xFatigue.
=650  \0$aThermal stresses.
=650  \0$aSteel, Heat resistant.
=650  \0$aSteel$xTesting.
=650  \0$aStrength of materials.
=650  \0$aSteel, Structural$xWelding.
=650  \0$aWelded joints$xFatigue.
=650  \0$aWelded steel structures$xFatigue.
=710  2\$aUniversity of Alberta.$bDepartment of Mineral Engineering.
=900  \\$aMK21072
=949  \\$zUAIN$zETHESIS

