=LDR  01314ntm a22003611i 4500
=001  uab09268924
=003  UAB
=005  20140913211156.0
=006  m|||||o||d||||||||
=007  cr||||||||||||
=008  140913t19741974xx\ad\\\obm\\\000\0\eng\d
=040  \\$aUAB$beng$erda$cUAB
=050  \4$aTJ930$b.R45 1974
=090  \\$aInternet Access$bAEU
=100  1\$aReid, Roy E.,$eauthor.
=245  12$aA fracture toughness study of gas transmission line pipe /$cby Roy E. Reid.
=264  \1$c[1974]
=264  \4$c©1974
=300  \\$a1 online resource (xv, 112 pages) :$billustrations
=336  \\$atext$btxt$2rdacontent
=337  \\$acomputer$bc$2rdamedia
=338  \\$aonline resource$bcr$2rdacarrier
=500  \\$a"A thesis submitted to the Faculty of Graduate Studies and Research in partial fulfilment of the requirements for the degree of Master of Science, Department of Mechanical Engineering."
=502  \\$bM. Sc.$cUniversity of Alberta$d1974.
=504  \\$aIncludes bibliographical references (pages 102-104).
=650  \0$aMetals$xFatigue.
=650  \0$aPipelines.
=650  \0$aFracture mechanics.
=650  \0$aMetals$xFracture.
=650  \0$aMaterials$xTesting.
=650  \0$aMaterials$xAnalysis.
=710  2\$aUniversity of Alberta.$bDepartment of Mechanical Engineering.
=900  \\$aMK21093
=949  \\$zUAIN$zETHESIS

