=LDR  01250ntm a22003131i 4500
=001  uab09268946
=003  UAB
=005  20140913221815.0
=006  m|||||o||d||||||||
=007  cr||||||||||||
=008  140913t19741974xx\\\\\\obm\\\000\0\eng\d
=040  \\$aUAB$beng$erda$cUAB
=050  \4$aPT668$b.S26 1974
=090  \\$aInternet Access$bAEU
=100  1\$aSandage, Donna L.,$eauthor.
=245  14$aThe dramatic theory of German dramatists since 1945 :$ba critical analysis /$cby Donna L. Sandage.
=264  \1$c[1974]
=264  \4$c©1974
=300  \\$a1 online resource (vii, 176 pages)
=336  \\$atext$btxt$2rdacontent
=337  \\$acomputer$bc$2rdamedia
=338  \\$aonline resource$bcr$2rdacarrier
=500  \\$a"A thesis submitted to the Faculty of Graduate Studies and Research in partial fulfilment of the requirements for the degree of Master of Arts, Department of Germanic Languages."
=502  \\$bM.A.$cUniversity of Alberta$d1974.
=504  \\$aIncludes bibliographical references (pages 173-176).
=650  \0$aGerman drama$y20th century$xHistory and criticism.
=650  \0$aDramatists, German$y20th century$xHistory and criticism.
=710  2\$aUniversity of Alberta.$bDepartment of Germanic Languages.
=900  \\$aMK21101
=949  \\$zUAIN$zETHESIS

