=LDR  01196ntm a22003131i 4500
=001  uab09268948
=003  UAB
=005  20140913223225.0
=006  m|||||o||d||||||||
=007  cr||||||||||||
=008  140913t19741974xx\\\\\\obm\\\000\0\eng\d
=040  \\$aUAB$beng$erda$cUAB
=050  \4$aBX9881$b.S39 1974
=090  \\$aInternet Access$bAEU
=100  1\$aSchwarz, Edward Richard,$eauthor.
=245  10$aClergy education and the 1925 church union /$cby Edward Richard Schwarz.
=264  \1$c[1974]
=264  \4$c©1974
=300  \\$a1 online resource (viii, 264 (i.e. 263) pages)
=336  \\$atext$btxt$2rdacontent
=337  \\$acomputer$bc$2rdamedia
=338  \\$aonline resource$bcr$2rdacarrier
=500  \\$a"A thesis submitted to the Faculty of Graduate Studies and Research in partial fulfilment of the requirements for the degree of Master of Arts, Department of History."
=500  \\$aLeaf 62 omitted in page numbering.
=502  \\$bM.A.$cUniversity of Alberta$d1974.
=504  \\$aIncludes bibliographical references (pages 243-264).
=610  10$aUnited Church of Canada$xHistory$y20th century.
=710  2\$aUniversity of Alberta.$bDepartment of History.
=900  \\$aMK21104
=949  \\$zUAIN$zETHESIS

