=LDR  01442ntm a22003611i 4500
=001  uab09268952
=003  UAB
=005  20140913233346.0
=006  m|||||o||d||||||||
=007  cr||||||||||||
=008  140913t19741974xx\a\\\\obm\\\000\0\eng\d
=040  \\$aUAB$beng$erda$cUAB
=043  \\$an-cn---
=050  \4$aTH2231$b.S87 1974
=090  \\$aInternet Access$bAEU
=100  1\$aSuri, Krishan Lal,$eauthor.
=245  14$aThe development of a manufacturing process for the production of wall panels for multiple-family dwellings /$cby Krishan Lal Suri.
=264  \1$c[1974]
=264  \4$c©1974
=300  \\$a1 online resource (xvi, 186 (i.e. 188) pages) :$billustrations
=336  \\$atext$btxt$2rdacontent
=337  \\$acomputer$bc$2rdamedia
=338  \\$aonline resource$bcr$2rdacarrier
=500  \\$a"A thesis submitted to the Faculty of Graduate Studies and Research in partial fulfilment of the requirements for the degree of Master of Science, Department of Mechanical Engineering."
=500  \\$aLeaves 150a and 154a inserted.
=502  \\$bM. Sc.$cUniversity of Alberta$d1974.
=504  \\$aIncludes bibliographical references (pages 149-150a).
=650  \0$aWall panels$xTesting.
=650  \0$aBuildings, Prefabricated$xEconomic aspects.
=650  \0$aStructural design.
=650  \0$aBuilding materials industry$zCanada.
=710  2\$aUniversity of Alberta.$bDepartment of Mechanical Engineering.
=900  \\$aMK21118
=949  \\$zUAIN$zETHESIS

