=LDR  01407ntm a22003851i 4500
=001  uab09269413
=003  UAB
=005  20140915214526.0
=006  m|||||o||d||||||||
=007  cr||||||||||||
=008  140915t19741974xx\\\\\\obm\\\000\0\eng\d
=040  \\$aUAB$beng$erda$cUAB
=043  \\$an-cn---
=050  \4$aSB123.25.C2$bT46 1974
=090  \\$aInternet Access$bAEU
=100  1\$aThomas, Phillip Maurice,$eauthor.
=245  10$aInheritance of oleic, linoleic and linolenic acids in seed oil of rapeseed Brassica napus L. /$cby Phillip Maurice Thomas.
=264  \1$c[1974]
=264  \4$c©1974
=300  \\$a1 online resource (x, 59 pages)
=336  \\$atext$btxt$2rdacontent
=337  \\$acomputer$bc$2rdamedia
=338  \\$aonline resource$bcr$2rdacarrier
=500  \\$a"A thesis submitted to the Faculty of Graduate Studies and Research in partial fulfilment of the requirements for the degree of Master of Science in Plant Breeding, Department of Plant Science."
=502  \\$bM. Sc.$cUniversity of Alberta$d1974.
=504  \\$aIncludes bibliographical references (pages 56-59).
=650  \0$aRapeseed.
=650  \0$aPlant breeding$zCanada.
=650  \0$aOleic acid.
=650  \0$aLinoleic acid.
=650  \0$aFatty acids.
=650  \0$aLinolenic acids.
=650  \0$aPlant genetic engineering.
=710  2\$aUniversity of Alberta.$bDepartment of Plant Science.
=900  \\$aMK21123
=949  \\$zUAIN$zETHESIS

