=LDR  01151ntm a22003011i 4500
=001  uab09269367
=003  UAB
=005  20140915182146.0
=006  m|||||o||d||||||||
=007  cr||||||||||||
=008  140915t19751975xx\ae\\\obm\\\000\0\eng\d
=040  \\$aUAB$beng$erda$cUAB
=050  \4$aGV1181$b.N38 1975
=090  \\$aInternet Access$bAEU
=100  1\$aNattrass, Susan Marie,$eauthor.
=245  14$aThe development of international clay pigeon shooting /$cby Susan Marie Nattrass.
=264  \1$c[1975]
=264  \4$c©1975
=300  \\$a1 online resource (ix, 160 pages) :$billustrations, plans
=336  \\$atext$btxt$2rdacontent
=337  \\$acomputer$bc$2rdamedia
=338  \\$aonline resource$bcr$2rdacarrier
=500  \\$a"A thesis submitted to the Faculty of Graduate Studies and Research in partial fulfilment of the requirements for the degree of Master of Arts, Department of Physical Education."
=502  \\$bM.A.$cUniversity of Alberta$d1974.
=504  \\$aIncludes bibliographical references (pages 127-135).
=650  \0$aTrapshooting.
=710  2\$aUniversity of Alberta.$bDepartment of Physical Education.
=900  \\$aMK21918
=949  \\$zUAIN$zETHESIS

