=LDR  01243ntm a22003131i 4500
=001  uab09269371
=003  UAB
=005  20140915182146.0
=006  m|||||o||d||||||||
=007  cr||||||||||||
=008  140915t19751975xx\\\\\\obm\\\000\0\eng\d
=040  \\$aUAB$beng$erda$cUAB
=043  \\$an-cn-bc$an-cnp--
=050  \4$aZ693.5.C2$bN83 1975
=090  \\$aInternet Access$bAEU
=100  1\$aNwamefor, Raphael Chianumba,$eauthor.
=245  13$aAn investigation of certain aspects of cataloguing practice in seven western Canadian university libraries /$cby Raphael Chianumba Nwamefor.
=264  \1$c[1975]
=264  \4$c©1975
=300  \\$a1 online resource (viii, 150 pages)
=336  \\$atext$btxt$2rdacontent
=337  \\$acomputer$bc$2rdamedia
=338  \\$aonline resource$bcr$2rdacarrier
=500  \\$a"A thesis submitted to the Faculty of Graduate Studies and Research in partial fulfilment of the requirements for the degree of Master of Library Science, School of Library Science."
=502  \\$bM.L.S.$cUniversity of Alberta$d1974.
=504  \\$aIncludes bibliographical references (pages 118-124).
=650  \0$aCataloging$zCanada, Western.
=710  2\$aUniversity of Alberta.$bSchool of Library Science.
=900  \\$aMK21923
=949  \\$zUAIN$zETHESIS

