=LDR  01159ntm a22003011i 4500
=001  uab09269376
=003  UAB
=005  20140915182146.0
=006  m|||||o||d||||||||
=007  cr||||||||||||
=008  140915t19741974xx\a\\\\obm\\\000\0dfre\d
=040  \\$aUAB$beng$erda$cUAB
=050  \4$aPQ2675.L398$bZ795 1974
=090  \\$aInternet Access$bAEU
=100  1\$aOlteanu, Constantin,$eauthor.
=245  13$aLe systeme narratif de Claude Ollier /$cby Constantin Olteanu.
=264  \1$c[1974]
=264  \4$c©1974
=300  \\$a1 online resource (xii, 117 pages) :$billustrations
=336  \\$atext$btxt$2rdacontent
=337  \\$acomputer$bc$2rdamedia
=338  \\$aonline resource$bcr$2rdacarrier
=500  \\$a"A thesis submitted to the Faculty of Graduate Studies and Research in partial fulfilment of the requirements for the degree of Master of Arts, Department of Romance Languages."
=502  \\$bM.A.$cUniversity of Alberta$d1974.
=504  \\$aIncludes bibliographical references (pages 107-117).
=600  10$aOllier, Claude$xCriticism and interpretation.
=710  2\$aUniversity of Alberta.$bDepartment of Romance Languages.
=900  \\$aMK21927
=949  \\$zUAIN$zETHESIS

