=LDR  01295ntm a22003371i 4500
=001  uab09269378
=003  UAB
=005  20140915182146.0
=006  m|||||o||d||||||||
=007  cr||||||||||||
=008  140915t19741974xx\ab\\\obm\\\000\0\eng\d
=040  \\$aUAB$beng$erda$cUAB
=043  \\$ae-cs---
=050  \4$aPG4753$b.P38 1974
=090  \\$aInternet Access$bAEU
=100  1\$aPatik, Joseph W.,$eauthor.
=245  14$aThe Morkovice dialect :$bphonology and morphology /$cby Joseph W. Patik.
=264  \1$c[1974]
=264  \4$c©1974
=300  \\$a1 online resource (xiv, 175 pages) :$billustrations, maps
=336  \\$atext$btxt$2rdacontent
=337  \\$acomputer$bc$2rdamedia
=338  \\$aonline resource$bcr$2rdacarrier
=500  \\$a"A thesis submitted to the Faculty of Graduate Studies and Research in partial fulfilment of the requirements for the degree of Master of Arts, Department of Slavic Languages."
=502  \\$bM.A.$cUniversity of Alberta$d1974.
=504  \\$aIncludes bibliographical references (pages 130-136).
=651  \0$aMoravia (Czech Republic)$xLanguages.
=650  \0$aCzech language$xDialects$zCzech Republic$zMoravia.
=650  \0$aCzech language$xWord formation.
=710  2\$aUniversity of Alberta.$bDepartment of Slavic Languages.
=900  \\$aMK21932
=949  \\$zUAIN$zETHESIS

