=LDR  01254ntm a22003131i 4500
=001  uab09269387
=003  UAB
=005  20140915182146.0
=006  m|||||o||d||||||||
=007  cr||||||||||||
=008  140915t19741974xx\a\\\\obm\\\000\0\eng\d
=040  \\$aUAB$beng$erda$cUAB
=050  \4$aHQ1154$b.R33 1974
=090  \\$aInternet Access$bAEU
=100  1\$aRadio, Vera Nadya,$eauthor.
=245  10$aCommunity development, social movements and feminism /$cby Vera Nadya Radio.
=264  \1$c[1974]
=264  \4$c©1974
=300  \\$a1 online resource (ix, 160 pages) :$billustrations
=336  \\$atext$btxt$2rdacontent
=337  \\$acomputer$bc$2rdamedia
=338  \\$aonline resource$bcr$2rdacarrier
=500  \\$a"A thesis submitted to the Faculty of Graduate Studies and Research in partial fulfilment of the requirements for the degree of Master of Arts in Community Development, Interdepartmental Committee in Community Development."
=502  \\$bM.A.$cUniversity of Alberta$d1974.
=504  \\$aIncludes bibliographical references (pages 130-139).
=650  \0$aFeminism$xHistory.
=650  \0$aWomen social reformers$xHistory.
=710  2\$aUniversity of Alberta.$bInterdepartmental Committee in Community Development.
=900  \\$aMK21947
=949  \\$zUAIN$zETHESIS

