=LDR  01243ntm a22003131i 4500
=001  uab09269389
=003  UAB
=005  20140915182146.0
=006  m|||||o||d||||||||
=007  cr||||||||||||
=008  140915t19741974xx\\\\\\obm\\\000\0\spa\d
=040  \\$aUAB$beng$erda$cUAB
=050  \4$aPQ6147.P5$bR38 1974
=090  \\$aInternet Access$bAEU
=100  1\$aRatcliffe, Marjorie Elizabeth,$eauthor.
=245  13$aLa Critica social en las novelas picarescas espanolas /$cby Marjorie Elizabeth Ratcliffe.
=264  \1$c[1974]
=264  \4$c©1974
=300  \\$a1 online resource (vii, 134 pages)
=336  \\$atext$btxt$2rdacontent
=337  \\$acomputer$bc$2rdamedia
=338  \\$aonline resource$bcr$2rdacarrier
=500  \\$a"A thesis submitted to the Faculty of Graduate Studies and Research in partial fulfilment of the requirements for the degree of Master of Arts, Department of Romance Languages."
=502  \\$bM.A.$cUniversity of Alberta$d1974.
=504  \\$aIncludes bibliographical references (pages [121]-128).
=650  \0$aPicaresque literature, Spanish$xHistory and criticism.
=650  \0$aSpanish fiction$xHistory and criticism.
=710  2\$aUniversity of Alberta.$bDepartment of Romance Languages.
=900  \\$aMK21951
=949  \\$zUAIN$zETHESIS

