=LDR  01483ntm a22003371i 4500
=001  uab09269569
=003  UAB
=005  20140915182146.0
=006  m|||||o||d||||||||
=007  cr||||||||||||
=008  140915t19741974xx\ad\\\obm\\\000\0\eng\d
=040  \\$aUAB$beng$erda$cUAB
=043  \\$an-cn---
=050  \4$aRA983.A1$bR55 1974
=090  \\$aInternet Access$bAEU
=100  1\$aRiley, Charles Frederick,$eauthor.
=245  13$aAn examination of the economic literature pertaining to the behaviour of costs in general acute hospitals /$cby Charles Frederick Riley.
=264  \1$c[1974]
=264  \4$c©1974
=300  \\$a1 online resource (ix, 165 pages) :$billustrations
=336  \\$atext$btxt$2rdacontent
=337  \\$acomputer$bc$2rdamedia
=338  \\$aonline resource$bcr$2rdacarrier
=500  \\$a"A thesis submitted to the Faculty of Graduate Studies and Research in partial fulfilment of the requirements for the degree of Master of Health Services Administration, Division of Health Services Administration, Department of Community Medicine."
=502  \\$bMaster of Health Services Administration$cUniversity of Alberta$d1974.
=504  \\$aIncludes bibliographical references (pages 146-149).
=650  \0$aHospitals$zCanada$xCost of operation.
=650  \0$aHospitals$xRates$zCanada.
=650  \0$aHospital care$zCanada.
=710  2\$aUniversity of Alberta.$bDivision of Health Services Administration.$bDepartment of Community Medicine.
=900  \\$aMK21954
=949  \\$zUAIN$zETHESIS

