=LDR  01421ntm a22003491i 4500
=001  uab09269617
=003  UAB
=005  20140915182146.0
=006  m|||||o||d||||||||
=007  cr||||||||||||
=008  140915t19741974xx\abd\\obm\\\000\0\eng\d
=040  \\$aUAB$beng$erda$cUAB
=043  \\$an-cn-bc$an-cnp--
=050  \4$aQC880.4.A8$bS37 1974
=090  \\$aInternet Access$bAEU
=100  1\$aSchram, Gary Robert,$eauthor.
=245  14$aThe influence of orography and surface friction on synoptic scale vertical motions over western Canada /$cby Gary Robert Schram.
=264  \1$c[1974]
=264  \4$c©1974
=300  \\$a1 online resource (xiii, 83 pages) :$billustrations, maps
=336  \\$atext$btxt$2rdacontent
=337  \\$acomputer$bc$2rdamedia
=338  \\$aonline resource$bcr$2rdacarrier
=500  \\$a"A thesis submitted to the Faculty of Graduate Studies and Research in partial fulfilment of the requirements for the degree of Master of Science in Meteorology, Department of Geography."
=502  \\$bM. Sc.$cUniversity of Alberta$d1974.
=504  \\$aIncludes bibliographical references (pages 81-83).
=650  \0$aAtmospheric circulation$zCanada, Western.
=650  \0$aBoundary layer (Meteorology)$zCanada, Western.
=650  \0$aAtmospheric physics$zCanada, Western.
=650  \0$aMountains$zCanada, Western.
=710  2\$aUniversity of Alberta.$bDepartment of Geography.
=900  \\$aMK21963
=949  \\$zUAIN$zETHESIS

