=LDR  01132ntm a22003011i 4500
=001  uab09269672
=003  UAB
=005  20140915182146.0
=006  m|||||o||d||||||||
=007  cr||||||||||||
=008  140915t19741974xx\\\\\\obm\\\000\0\eng\d
=040  \\$aUAB$beng$erda$cUAB
=050  \4$aQC665.E4$bS63 1974
=090  \\$aInternet Access$bAEU
=100  1\$aSpanos, T. J. T.,$eauthor.
=245  10$aSolutions of a class of stationary fields /$cby Thomas James Timothy Spanos.
=264  \1$c[1974]
=264  \4$c©1974
=300  \\$a1 online resource (vii, 61 pages)
=336  \\$atext$btxt$2rdacontent
=337  \\$acomputer$bc$2rdamedia
=338  \\$aonline resource$bcr$2rdacarrier
=500  \\$a"A thesis submitted to the Faculty of Graduate Studies and Research in partial fulfilment of the requirements for the degree of Master of Science, Department of Physics."
=502  \\$bM. Sc.$cUniversity of Alberta$d1974.
=504  \\$aIncludes bibliographical references (pages [54]-56).
=650  \0$aElectromagnetic fields$xMathematical models.
=710  2\$aUniversity of Alberta.$bDepartment of Physics.
=900  \\$aMK21979
=949  \\$zUAIN$zETHESIS

