=LDR  01290ntm a22003251i 4500
=001  uab09269681
=003  UAB
=005  20140915182146.0
=006  m|||||o||d||||||||
=007  cr||||||||||||
=008  140915t19751975xx\ad\\\obm\\\000\0\eng\d
=040  \\$aUAB$beng$erda$cUAB
=050  \4$aRM666.T33$bT43 1975
=090  \\$aInternet Access$bAEU
=100  1\$aThanik, Daman D.,$eauthor.
=245  14$aThe effects of four tetracycline drugs on animal growth and hard tissue development in rats /$cby Daman D. Thanik.
=264  \1$c[1975]
=264  \4$c©1975
=300  \\$a1 online resource (xiii, 217 pages) :$billustrations
=336  \\$atext$btxt$2rdacontent
=337  \\$acomputer$bc$2rdamedia
=338  \\$aonline resource$bcr$2rdacarrier
=500  \\$a"A thesis submitted to the Faculty of Graduate Studies and Research in partial fulfilment of the requirements for the degree of Master of Science in Oral Biology, Faculty of Dentistry."
=502  \\$bM. Sc.$cUniversity of Alberta$d1974.
=504  \\$aIncludes bibliographical references (pages 203-217).
=650  \0$aTetracycline$xPhysiological effect.
=650  \0$aAntibiotics$xPhysiological effect.
=650  \0$aRats as laboratory animals.
=710  2\$aUniversity of Alberta.$bFaculty of Dentistry.
=900  \\$aMK21990
=949  \\$zUAIN$zETHESIS

