=LDR  01181ntm a22003131i 4500
=001  uab09269748
=003  UAB
=005  20140915182146.0
=006  m|||||o||d||||||||
=007  cr||||||||||||
=008  140915t19741974xx\a\\\\obm\\\000\0\eng\d
=040  \\$aUAB$beng$erda$cUAB
=050  \4$aSB343$b.W53 1974
=090  \\$aInternet Access$bAEU
=100  1\$aWiatr, Stanley M.,$eauthor.
=245  10$aPre-fertilization ovule ontogeny and nutrition in the garden pea /$cby Stanley Michael Wiatr.
=264  \1$c[1974]
=264  \4$c©1974
=300  \\$a1 online resource (xiii, 96 pages) :$billustrations
=336  \\$atext$btxt$2rdacontent
=337  \\$acomputer$bc$2rdamedia
=338  \\$aonline resource$bcr$2rdacarrier
=500  \\$a"A thesis submitted to the Faculty of Graduate Studies and Research in partial fulfilment of the requirements for the degree of Master of Science in Plant Anatomy, Department of Botany."
=502  \\$bM. Sc.$cUniversity of Alberta$d1974.
=504  \\$aIncludes bibliographical references (pages 78-82).
=650  \0$aPeas$xGenetics.
=650  \0$aPlant anatomy.
=710  2\$aUniversity of Alberta.$bDepartment of Botany.
=900  \\$aMK22005
=949  \\$zUAIN$zETHESIS

