=LDR  01156ntm a22003011i 4500
=001  uab09269756
=003  UAB
=005  20140915182146.0
=006  m|||||o||d||||||||
=007  cr||||||||||||
=008  140915t19741974xx\ad\\\obm\\\000\0\eng\d
=040  \\$aUAB$beng$erda$cUAB
=050  \4$aQD305.A2$bW55 1974
=090  \\$aInternet Access$bAEU
=100  1\$aWilton, Richard W.,$eauthor.
=245  10$aSome infrared and x-ray properties of the high pressure polymorph of solid acetic acid /$cby Richard W. Wilton.
=264  \1$c[1974]
=264  \4$c©1974
=300  \\$a1 online resource (xi, 116 pages) :$billustrations
=336  \\$atext$btxt$2rdacontent
=337  \\$acomputer$bc$2rdamedia
=338  \\$aonline resource$bcr$2rdacarrier
=500  \\$a"A thesis submitted to the Faculty of Graduate Studies and Research in partial fulfilment of the requirements for the degree of Master of Science, Department of Physics."
=502  \\$bM. Sc.$cUniversity of Alberta$d1974.
=504  \\$aIncludes bibliographical references (pages 111-116).
=650  \0$aAcetic acid.
=710  2\$aUniversity of Alberta.$bDepartment of Chemistry.
=900  \\$aMK22008
=949  \\$zUAIN$zETHESIS

