=LDR  01229ntm a22003131i 4500
=001  uab09269778
=003  UAB
=005  20140915182146.0
=006  m|||||o||d||||||||
=007  cr||||||||||||
=008  140915t19751975xx\ad\\\obm\\\000\0\eng\d
=040  \\$aUAB$beng$erda$cUAB
=050  \4$aTN880.2$b.A26 1975
=090  \\$aInternet Access$bAEU
=100  1\$aAbou-Kassem, Jamal H.$q(Jamal Hussein),$eauthor.
=245  10$aDetermination of bottom-hole pressure in flowing gas wells /$cby Jamal Hussein Abou-Kassem.
=264  \1$c[1975]
=264  \4$c©1975
=300  \\$a1 online resource (xii, 164 pages) :$billustrations
=336  \\$atext$btxt$2rdacontent
=337  \\$acomputer$bc$2rdamedia
=338  \\$aonline resource$bcr$2rdacarrier
=500  \\$a"A thesis submitted to the Faculty of Graduate Studies and Research in partial fulfilment of the requirements for the degree of Master of Science in Petroleum Engineering, Department of Mineral Engineering."
=502  \\$bM. Sc.$cUniversity of Alberta$d1975.
=504  \\$aIncludes bibliographical references (pages 85-96).
=650  \0$aGas wells.
=650  \0$aNatural gas.
=710  2\$aUniversity of Alberta.$bDepartment of Mineral Engineering.
=900  \\$aMK23973
=949  \\$zUAIN$zETHESIS

