=LDR  01176ntm a22003011i 4500
=001  uab09269791
=003  UAB
=005  20140915182146.0
=006  m|||||o||d||||||||
=007  cr||||||||||||
=008  140915t19751975xx\ad\\\obm\\\000\0\eng\d
=040  \\$aUAB$beng$erda$cUAB
=050  \4$aSF458.G6$bA99 1975
=090  \\$aInternet Access$bAEU
=100  1\$aAzzolina, Luigi S.,$eauthor.
=245  10$aSome aspects of the humoral immune response in the goldfish Carassius auratus and in the toad Bufo marinus /$cby Luigi S. Azzolina.
=264  \1$c[1975]
=264  \4$c©1975
=300  \\$a1 online resource (xvi, 124 pages) :$billustrations
=336  \\$atext$btxt$2rdacontent
=337  \\$acomputer$bc$2rdamedia
=338  \\$aonline resource$bcr$2rdacarrier
=500  \\$a"A thesis submitted to the Faculty of Graduate Studies and Research in partial fulfilment of the requirements for the degree of Master of Science, Department of Pathology."
=502  \\$bM. Sc.$cUniversity of Alberta$d1975.
=504  \\$aIncludes bibliographical references (pages 111-124).
=650  \0$aGoldfish.
=710  2\$aUniversity of Alberta.$bDepartment of Pathology.
=900  \\$aMK23980
=949  \\$zUAIN$zETHESIS

