=LDR  01185ntm a22003131i 4500
=001  uab09269674
=003  UAB
=005  20140916142828.0
=006  m|||||o||d||||||||
=007  cr||||||||||||
=008  140916t19751975xx\\\\\\obm\\\000\0\eng\d
=040  \\$aUAB$beng$erda$cUAB
=050  \4$aLB1065$b.U84 1975
=090  \\$aInternet Access$bAEU
=100  1\$aUsher, Peter Michael,$eauthor.
=245  13$aAn examination of achievement motivation in adolescent soccer players /$cby Peter Michael Usher.
=264  \1$c[1975]
=264  \4$c©1975
=300  \\$a1 online resource (xi, 81 pages)
=336  \\$atext$btxt$2rdacontent
=337  \\$acomputer$bc$2rdamedia
=338  \\$aonline resource$bcr$2rdacarrier
=500  \\$a"A thesis submitted to the Faculty of Graduate Studies and Research in partial fulfilment of the requirements for the degree of Master of Arts, Department of Physical Education."
=502  \\$bM.A.$cUniversity of Alberta$d1975.
=504  \\$aIncludes bibliographical references (pages 61-66).
=650  \0$aAchievement motivation.
=650  \0$aSoccer for children.
=710  2\$aUniversity of Alberta.$bDepartment of Physical Education.
=900  \\$aMK24148
=949  \\$zUAIN$zETHESIS

