=LDR  01258ntm a22003251i 4500
=001  uab09270866
=003  UAB
=005  20140918152435.0
=006  m|||||o||d||||||||
=007  cr||||||||||||
=008  140918t19751975xx\ad\\\obm\\\000\0\eng\d
=040  \\$aUAB$beng$erda$cUAB
=043  \\$an-cn-ab
=050  \4$aHN49.C6$bC45 1975
=090  \\$aInternet Access$bAEU
=100  1\$aChiu, David Siong-Seng,$eauthor.
=245  10$aCommuting patterns of work trips of a dormitory community /$cby David Siong-Seng Chiu.
=264  \1$c[1975]
=264  \4$c©1975
=300  \\$a1 online resource (xii, 120 pages) :$billustrations
=336  \\$atext$btxt$2rdacontent
=337  \\$acomputer$bc$2rdamedia
=338  \\$aonline resource$bcr$2rdacarrier
=500  \\$a"A thesis submitted to the Faculty of Graduate Studies and Research in partial fulfilment of the requirements for the degree of Master of Science, Department of Civil Engineering."
=502  \\$bM. Sc.$cUniversity of Alberta$d1975.
=504  \\$aIncludes bibliographical references (pages 102-103).
=650  \0$aCommunity development$zAlberta$zSt. Albert.
=650  \0$aDormitories$zAlberta$zSt. Albert.
=710  2\$aUniversity of Alberta.$bDepartment of Civil Engineering.
=900  \\$aMK26727
=949  \\$zUAIN$zETHESIS

