=LDR  01305ntm a22003371i 4500
=001  uab09270928
=003  UAB
=005  20140918170759.0
=006  m|||||o||d||||||||
=007  cr||||||||||||
=008  140918t19751975xx\\\\\\obm\\\000\0\eng\d
=040  \\$aUAB$beng$erda$cUAB
=050  \4$aPN56.W3$bB64 1975
=090  \\$aInternet Access$bAEU
=100  1\$aBohm, Arnd,$d1953-$eauthor.
=245  14$aThe literary treatment of the Thirty Years' War in selected works of German literature /$cby Arnd Bohm.
=264  \1$c[1975]
=264  \4$c©1975
=300  \\$a1 online resource (vi, 158 pages)
=336  \\$atext$btxt$2rdacontent
=337  \\$acomputer$bc$2rdamedia
=338  \\$aonline resource$bcr$2rdacarrier
=500  \\$a"A thesis submitted to the Faculty of Graduate Studies and Research in partial fulfilment of the requirements for the degree of Master of Arts, Department of Germanic Languages."
=502  \\$bM.A.$cUniversity of Alberta$d1975.
=504  \\$aIncludes bibliographical references (pages 145-156).
=650  \0$aWar in literature.
=650  \0$aWar and literature.
=650  \0$aThirty Years' War, 1618-1648$xIn literature.
=650  \0$aGerman literature$xHistory and criticism.
=710  2\$aUniversity of Alberta.$bDepartment of Germanic Languages.
=900  \\$aMK26711
=949  \\$zUAIN$zETHESIS

