=LDR  01141ntm a22003131i 4500
=001  uab09270930
=003  UAB
=005  20140918172209.0
=006  m|||||o||d||||||||
=007  cr||||||||||||
=008  140918t19751975xx\\\\\\obm\\\000\0\eng\d
=040  \\$aUAB$beng$erda$cUAB
=050  \4$aQA281$b.C35 1975
=090  \\$aInternet Access$bAEU
=100  1\$aCairns, William Day,$eauthor.
=245  10$aApproximation by rational interpolation operators /$cby William Day Cairns.
=264  \1$c[1975]
=264  \4$c©1975
=300  \\$a1 online resource (vi, 40 pages)
=336  \\$atext$btxt$2rdacontent
=337  \\$acomputer$bc$2rdamedia
=338  \\$aonline resource$bcr$2rdacarrier
=500  \\$a"A thesis submitted to the Faculty of Graduate Studies and Research in partial fulfilment of the requirements for the degree of Master of Science, Department of Mathematics."
=502  \\$bM. Sc.$cUniversity of Alberta$d1975.
=504  \\$aIncludes bibliographical references (page 40).
=650  \0$aInterpolation.
=650  \0$aPolynomial operators.
=710  2\$aUniversity of Alberta.$bDepartment of Mathematics.
=900  \\$aMK26722
=949  \\$zUAIN$zETHESIS

