=LDR  01226ntm a22003371i 4500
=001  uab09270958
=003  UAB
=005  20140918184402.0
=006  m|||||o||d||||||||
=007  cr||||||||||||
=008  140918t19751975xx\ab\\\obm\\\000\0\eng\d
=040  \\$aUAB$beng$erda$cUAB
=050  \4$aGA105.3$b.A33 1975
=090  \\$aInternet Access$bAEU
=100  1\$aAdams, Fred L.,$eauthor.
=245  10$aLandsat MSS imagery as a base for thematic mapping /$cby Fred L. Adams.
=264  \1$c[1975]
=264  \4$c©1975
=300  \\$a1 online resource (x, [104] pages) :$billustrations, maps
=336  \\$atext$btxt$2rdacontent
=337  \\$acomputer$bc$2rdamedia
=338  \\$aonline resource$bcr$2rdacarrier
=500  \\$a"A thesis submitted to the Faculty of Graduate Studies and Research in partial fulfilment of the requirements for the degree of Master of Arts, Department of Geography."
=502  \\$bM.A.$cUniversity of Alberta$d1975.
=504  \\$aIncludes bibliographical references.
=590  \\$aLibrary copy imperfect: faded throughout.
=650  \0$aCartography.
=650  \0$aLandsat satellites.
=650  \0$aRemote sensing.
=710  2\$aUniversity of Alberta.$bDepartment of Geography.
=900  \\$aMK26691
=949  \\$zUAIN$zETHESIS

