=LDR  01189ntm a22003251i 4500
=001  uab09270971
=003  UAB
=005  20140918192748.0
=006  m|||||o||d||||||||
=007  cr||||||||||||
=008  140918t19751975xx\ad\\\obm\\\000\0\eng\d
=040  \\$aUAB$beng$erda$cUAB
=050  \4$aQC454.B39$bB76 1975
=090  \\$aInternet Access$bAEU
=100  1\$aBrooks, Robert Leslie,$eauthor.
=245  10$aQuantum beats in beam-foil spectroscopy /$cby Robert Leslie Brooks.
=264  \1$c[1975]
=264  \4$c©1975
=300  \\$a1 online resource (xi, 96 pages) :$billustrations
=336  \\$atext$btxt$2rdacontent
=337  \\$acomputer$bc$2rdamedia
=338  \\$aonline resource$bcr$2rdacarrier
=500  \\$a"A thesis submitted to the Faculty of Graduate Studies and Research in partial fulfillment of the requirements for the degree of Master of Science, Department of Physics."
=502  \\$bM. Sc.$cUniversity of Alberta$d1975.
=504  \\$aIncludes bibliographical references (pages 86-88).
=650  \0$aBeam-foil spectroscopy.
=650  \0$aZero-point field.
=650  \0$aQuantum theory.
=710  2\$aUniversity of Alberta.$bDepartment of Physics.
=900  \\$aMK26717
=949  \\$zUAIN$zETHESIS

