=LDR  01130ntm a22003011i 4500
=001  uab09270973
=003  UAB
=005  20140918193633.0
=006  m|||||o||d||||||||
=007  cr||||||||||||
=008  140918t19751975xx\\\\\\obm\\\000\0\eng\d
=040  \\$aUAB$beng$erda$cUAB
=050  \4$aGV1017.H7$bC37 1975
=090  \\$aInternet Access$bAEU
=100  1\$aCarson, Wendy Diane,$eauthor.
=245  12$aA coaching certification program for field hockey /$cby Wendy Diane Carson.
=264  \1$c[1975]
=264  \4$c©1975
=300  \\$a1 online resource (xii, 134 pages)
=336  \\$atext$btxt$2rdacontent
=337  \\$acomputer$bc$2rdamedia
=338  \\$aonline resource$bcr$2rdacarrier
=500  \\$a"A thesis submitted to the Faculty of Graduate Studies and Research in partial fulfilment of the requirements for the degree of Master of Arts, Department of Physical Education."
=502  \\$bM.A.$cUniversity of Alberta$d1975.
=504  \\$aIncludes bibliographical references (pages 58-60).
=650  \0$aField hockey$xCoaching.
=710  2\$aUniversity of Alberta.$bDepartment of Physical Education.
=900  \\$aMK26723
=949  \\$zUAIN$zETHESIS

