=LDR  01172ntm a22003011i 4500
=001  uab09269811
=003  UAB
=005  20140916165934.0
=006  m|||||o||d||||||||
=007  cr||||||||||||
=008  140916t19761976xx\\\\\\obm\\\000\0deng\d
=040  \\$aUAB$beng$erda$cUAB
=050  \4$aPT2603.O394$bZ575 1976
=090  \\$aInternet Access$bAEU
=100  1\$aDitzian, G. M.,$eauthor.
=245  10$aCatholicism, milieu and morality in novels of Heinrich Böll /$cby G.M. Ditzian.
=264  \1$c[1976]
=264  \4$c©1976
=300  \\$a1 online resource (vii, 119 pages)
=336  \\$atext$btxt$2rdacontent
=337  \\$acomputer$bc$2rdamedia
=338  \\$aonline resource$bcr$2rdacarrier
=500  \\$a"A thesis submitted to the Faculty of Graduate Studies and Research in partial fulfilment of the requirements for the degree of Master of Arts, Department of Germanic Languages."
=502  \\$bM.A.$cUniversity of Alberta$d1975.
=504  \\$aIncludes bibliographical references (pages 111-119).
=600  10$aBöll, Heinrich,$d1917-1985$xCriticism and interpretation.
=710  2\$aUniversity of Alberta.$bDepartment of Germanic Languages.
=900  \\$aMK26744
=949  \\$zUAIN$zETHESIS

