=LDR  01204ntm a22003011i 4500
=001  uab09269966
=003  UAB
=005  20140916165934.0
=006  m|||||o||d||||||||
=007  cr||||||||||||
=008  140916t19751975xx\adf\\obm\\\000\0\eng\d
=040  \\$aUAB$beng$erda$cUAB
=050  \4$aQD142$b.E33 1975
=090  \\$aInternet Access$bAEU
=100  1\$aEgbogah, Emmanuel,$eauthor.
=245  10$aInterfacial properties of heavy crudes in the presence of chemically treated waters /$cby Emmanuel Onu Egbogah.
=264  \1$c[1975]
=264  \4$c©1975
=300  \\$a1 online resource (xvii, 155 pages) :$billustrations
=336  \\$atext$btxt$2rdacontent
=337  \\$acomputer$bc$2rdamedia
=338  \\$aonline resource$bcr$2rdacarrier
=500  \\$a"A thesis submitted to the Faculty of Graduate Studies and Research in partial fulfilment of the requirements for the degree of Master of Science in Petroleum Engineering, Department of Mineral Engineering."
=502  \\$bM. Sc.$cUniversity of Alberta$d1975.
=504  \\$aIncludes bibliographical references (pages 76-84).
=650  \0$aWater$xAnalysis.
=710  2\$aUniversity of Alberta.$bDepartment of Mineral Engineering.
=900  \\$aMK26751
=949  \\$zUAIN$zETHESIS

