=LDR  01144ntm a22003131i 4500
=001  uab09269977
=003  UAB
=005  20140916165934.0
=006  m|||||o||d||||||||
=007  cr||||||||||||
=008  140916t19751975xx\\\\\\obm\\\000\0\eng\d
=040  \\$aUAB$beng$erda$cUAB
=043  \\$an-cn---
=050  \4$aF1035.U5$bE43 1975
=090  \\$aInternet Access$bAEU
=100  1\$aEmanuel, Lydia,$eauthor.
=245  10$aAttitudes towards identity in a Ukrainian parish /$cby Lydia Emanuel.
=264  \1$c[1975]
=264  \4$c©1975
=300  \\$a1 online resource (ix, 181 pages)
=336  \\$atext$btxt$2rdacontent
=337  \\$acomputer$bc$2rdamedia
=338  \\$aonline resource$bcr$2rdacarrier
=500  \\$a"A thesis submitted to the Faculty of Graduate Studies and Research in partial fulfilment of the requirements for the degree of Master of Arts, Department of Anthropology."
=502  \\$bM.A.$cUniversity of Alberta$d1975.
=504  \\$aIncludes bibliographical references (pages 131-135).
=650  \0$aUkrainians$zCanada$xEthnic identity.
=710  2\$aUniversity of Alberta.$bDepartment of Anthropology.
=900  \\$aMK26752
=949  \\$zUAIN$zETHESIS

