=LDR  01136ntm a22003011i 4500
=001  uab09271206
=003  UAB
=005  20140916165934.0
=006  m|||||o||d||||||||
=007  cr||||||||||||
=008  140916t19751975xx\\\\\\obm\\\000\0\eng\d
=040  \\$aUAB$beng$erda$cUAB
=050  \4$aPS169.V53$bG37 1975
=090  \\$aInternet Access$bAEU
=100  1\$aGarritty, Margaret J.,$eauthor.
=245  14$aThe effects of victim characteristics on theft :$ba laboratory experiment /$cby Margaret J. Garritty.
=264  \1$c[1975]
=264  \4$c©1975
=300  \\$a1 online resource (x, 74 pages)
=336  \\$atext$btxt$2rdacontent
=337  \\$acomputer$bc$2rdamedia
=338  \\$aonline resource$bcr$2rdacarrier
=500  \\$a"A thesis submitted to the Faculty of Graduate Studies and Research in partial fulfilment of the requirements for the degree of Master of Arts, Department of Sociology."
=502  \\$bM.A.$cUniversity of Alberta$d1975.
=504  \\$aIncludes bibliographical references (pages 61-62).
=650  \0$aVictims in literature.
=710  2\$aUniversity of Alberta.$bDepartment of Sociology.
=900  \\$aMK26756
=949  \\$zUAIN$zETHESIS

