=LDR  01204ntm a22003131i 4500
=001  uab09271216
=003  UAB
=005  20140916165934.0
=006  m|||||o||d||||||||
=007  cr||||||||||||
=008  140916t19751975xx\ad\\\obm\\\000\0\eng\d
=040  \\$aUAB$beng$erda$cUAB
=050  \4$aQA278.8$b.G44 1975
=090  \\$aInternet Access$bAEU
=100  1\$aGeetha, Rangaswami,$eauthor.
=245  10$aParametric and nonparametric discriminant analysis /$cby Rangaswami Geetha.
=264  \1$c[1975]
=264  \4$c©1975
=300  \\$a1 online resource (vi, 97 pages) :$billustrations
=336  \\$atext$btxt$2rdacontent
=337  \\$acomputer$bc$2rdamedia
=338  \\$aonline resource$bcr$2rdacarrier
=500  \\$a"A thesis submitted to the Faculty of Graduate Studies and Research in partial fulfilment of the requirements for the degree of Master of Science in Mathematical Statistics, Department of Mathematics."
=502  \\$bM. Sc.$cUniversity of Alberta$d1975.
=504  \\$aIncludes bibliographical references (pages 83-87).
=650  \0$aNonparametric statistics.
=650  \0$aMathematical statistics.
=710  2\$aUniversity of Alberta.$bDepartment of Mathematics.
=900  \\$aMK26759
=949  \\$zUAIN$zETHESIS

