=LDR  01250ntm a22003131i 4500
=001  uab09271234
=003  UAB
=005  20140916165934.0
=006  m|||||o||d||||||||
=007  cr||||||||||||
=008  140916t19751975xx\b\\\\obm\\\000\0\eng\d
=040  \\$aUAB$beng$erda$cUAB
=043  \\$an-cn-ab
=050  \4$aGV365.5.C2$bH35 1975
=090  \\$aInternet Access$bAEU
=100  1\$aHalkett, Catherine Jean,$eauthor.
=245  10$aAttitudes and information regarding compulsory physical education in Alberta school systems /$cby Catherine Jean Halkett.
=264  \1$c[1975]
=264  \4$c©1975
=300  \\$a1 online resource (ix, 107 pages) :$bmaps
=336  \\$atext$btxt$2rdacontent
=337  \\$acomputer$bc$2rdamedia
=338  \\$aonline resource$bcr$2rdacarrier
=500  \\$a"A thesis submitted to the Faculty of Graduate Studies and Research in partial fulfilment of the requirements for the degree of Master of Arts, Department of Physical Education."
=502  \\$bM.A.$cUniversity of Alberta$d1975.
=504  \\$aIncludes bibliographical references (pages 53-57).
=650  \0$aPhysical education and training$xStudy and teaching$zAlberta.
=710  2\$aUniversity of Alberta.$bDepartment of Physical Education.
=900  \\$aMK26769
=949  \\$zUAIN$zETHESIS

