=LDR  01205ntm a22003251i 4500
=001  uab09271247
=003  UAB
=005  20140916165934.0
=006  m|||||o||d||||||||
=007  cr||||||||||||
=008  140916t19751975xx\ad\\\obm\\\000\0\eng\d
=040  \\$aUAB$beng$erda$cUAB
=043  \\$ae-uk---$ae------
=050  \4$aHF3508.E8$bH87 1975
=090  \\$aInternet Access$bAEU
=100  1\$aHurt, Leslie,$eauthor.
=245  10$aBritain and the common market, 1955-1963 /$cby Leslie Hurt.
=264  \1$c[1975]
=264  \4$c©1975
=300  \\$a1 online resource (vi, 154 pages) :$billustrations
=336  \\$atext$btxt$2rdacontent
=337  \\$acomputer$bc$2rdamedia
=338  \\$aonline resource$bcr$2rdacarrier
=500  \\$a"A thesis submitted to the Faculty of Graduate Studies and Research in partial fulfilment of the requirements for the degree of Master of Arts, Department of History."
=502  \\$bM.A.$cUniversity of Alberta$d1975.
=504  \\$aIncludes bibliographical references (pages 147-153).
=610  20$aEuropean Economic Community$zGreat Britain.
=651  \0$aGreat Britain$xCommerce$zEurope.
=710  2\$aUniversity of Alberta.$bDepartment of History.
=900  \\$aMK26786
=949  \\$zUAIN$zETHESIS

