=LDR  01279ntm a22003371i 4500
=001  uab09271253
=003  UAB
=005  20140916165934.0
=006  m|||||o||d||||||||
=007  cr||||||||||||
=008  140916t19751975xx\ad\\\obm\\\000\0\eng\d
=040  \\$aUAB$beng$erda$cUAB
=050  \4$aQP535.C2$bJ47 1975
=090  \\$aInternet Access$bAEU
=100  1\$aJeremy, Peter George,$eauthor.
=245  14$aThe determination of calcium and magnesium in biological fluids /$cby Peter George Jeremy.
=264  \1$c[1975]
=264  \4$c©1975
=300  \\$a1 online resource (ix, 83 pages) :$billustrations
=336  \\$atext$btxt$2rdacontent
=337  \\$acomputer$bc$2rdamedia
=338  \\$aonline resource$bcr$2rdacarrier
=500  \\$a"A thesis submitted to the Faculty of Graduate Studies and Research in partial fulfilment of the requirements for the degree of Master of Science, Department of Chemistry."
=502  \\$bM. Sc.$cUniversity of Alberta$d1975.
=504  \\$aIncludes bibliographical references (pages 73-78).
=650  \0$aCalcium$xPhysiological effect.
=650  \0$aCalcium$xMetabolism.
=650  \0$aMagnesium$xPhysiological effect.
=650  \0$aMagnesium$xMetabolism.
=710  2\$aUniversity of Alberta.$bDepartment of Chemistry.
=900  \\$aMK26789
=949  \\$zUAIN$zETHESIS

