=LDR  01307ntm a22003131i 4500
=001  uab09271274
=003  UAB
=005  20140916165934.0
=006  m|||||o||d||||||||
=007  cr||||||||||||
=008  140916t19751975xx\\\\\\obm\\\000\0dger\d
=040  \\$aUAB$beng$erda$cUAB
=050  \4$aPT1534.E9$bK66 1975
=090  \\$aInternet Access$bAEU
=100  1\$aKönigslöw, Renate von,$eauthor.
=245  10$aGawein :$bFigur und Funktion, Hauptsächlich bei Hartmann und Chretien /$cby Renate von Königslöw.
=264  \1$c[1975]
=264  \4$c©1975
=300  \\$a1 online resource (x, 119)
=336  \\$atext$btxt$2rdacontent
=337  \\$acomputer$bc$2rdamedia
=338  \\$aonline resource$bcr$2rdacarrier
=500  \\$a"A thesis submitted to the Faculty of Graduate Studies and Research in partial fulfilment of the requirements for the degree of Master of Arts, Department of Germanic Languages."
=502  \\$bM.A.$cUniversity of Alberta$d1975.
=504  \\$aIncludes bibliographical references (pages 114-119).
=600  10$aHartmann, von Aue,$dactive 12th century.$tErec$xCriticism and interpretation.
=600  10$aHartmann, von Aue,$dactive 12th century.$tIwein$xCriticism and interpretation.
=710  2\$aUniversity of Alberta.$bDepartment of Germanic Languages.
=900  \\$aMK26804
=949  \\$zUAIN$zETHESIS

