=LDR  01137ntm a22003011i 4500
=001  uab09271277
=003  UAB
=005  20140916165934.0
=006  m|||||o||d||||||||
=007  cr||||||||||||
=008  140916t19751975xx\a\\\\obm\\\000\0\ger\d
=040  \\$aUAB$beng$erda$cUAB
=050  \4$aTP692.4.H9$bK66 1975
=090  \\$aInternet Access$bAEU
=100  1\$aKoo, Heng-Foong,$eauthor.
=245  12$aA stereoselective total synthesis of epigeijerene and neogeijerene /$cby Heng-Foong Koo.
=264  \1$c[1975]
=264  \4$c©1975
=300  \\$a1 online resource (vii, 51) :$billustrations
=336  \\$atext$btxt$2rdacontent
=337  \\$acomputer$bc$2rdamedia
=338  \\$aonline resource$bcr$2rdacarrier
=500  \\$a"A thesis submitted to the Faculty of Graduate Studies and Research in partial fulfilment of the requirements for the degree of Master of Science, Department of Chemistry."
=502  \\$bM. Sc.$cUniversity of Alberta$d1975.
=504  \\$aIncludes bibliographical references (pages 49-51).
=650  \0$aHydrocarbons$xResearch.
=710  2\$aUniversity of Alberta.$bDepartment of Chemistry.
=900  \\$aMK26805
=949  \\$zUAIN$zETHESIS

