=LDR  01315ntm a22003011i 4500
=001  uab09271284
=003  UAB
=005  20140916165934.0
=006  m|||||o||d||||||||
=007  cr||||||||||||
=008  140916t19751975xx\a\\\\obm\\\000\0\ger\d
=040  \\$aUAB$beng$erda$cUAB
=050  \4$aR856.4$b.K94 1975
=090  \\$aInternet Access$bAEU
=100  1\$aKyle, Mavis E.,$eauthor.
=245  14$aThe development and testing of an instrument for assessment and classification of patients by types of care /$cby Mavis E. Kyle.
=264  \1$c[1975]
=264  \4$c©1975
=300  \\$a1 online resource (xiv, 181) :$billustrations
=336  \\$atext$btxt$2rdacontent
=337  \\$acomputer$bc$2rdamedia
=338  \\$aonline resource$bcr$2rdacarrier
=500  \\$a"A thesis submitted to the Faculty of Graduate Studies and Research in partial fulfilment of the requirements for the degree of Master of Health Services Administration, Division of Health Services Administration, Department of Community Medicine."
=502  \\$bMaster of Health Services Administration$cUniversity of Alberta$d1975.
=504  \\$aIncludes bibliographical references (pages 135-142).
=650  \0$aMedical instruments and apparatus$xTesting.
=710  2\$aUniversity of Alberta.$bDepartment of Community Medicine.
=900  \\$aMK26808
=949  \\$zUAIN$zETHESIS

