=LDR  01438ntm a22003611i 4500
=001  uab09271194
=003  UAB
=005  20140919122829.0
=006  m|||||o||d||||||||
=007  cr||||||||||||
=008  140919t19761976xx\a\\\\obm\\\000\0dfre\d
=040  \\$aUAB$beng$erda$cUAB
=041  0\$afre$beng$bfre
=050  \4$aPQ1993.L24$bZ553 1976
=090  \\$aInternet Access$bAEU
=100  1\$aAldridge, Marian J.,$eauthor.
=245  13$aLe rôle d'Arlequin dans le théâtre de Delisle /$cby Marian J. Aldridge.
=264  \1$c[1976]
=264  \4$c©1976
=300  \\$a1 online resource (101 pages) :$billustrations
=336  \\$atext$btxt$2rdacontent
=337  \\$acomputer$bc$2rdamedia
=338  \\$aonline resource$bcr$2rdacarrier
=500  \\$a"A thesis submitted to the Faculty of Graduate Studies and Research in partial fulfilment of the requirements for the degree of Master of Arts, Department of Romance Languages."
=502  \\$bM.A.$cUniversity of Alberta$d1976.
=504  \\$aIncludes bibliographical references (pages 96-101).
=546  \\$aIn French; abstract in French and English.
=600  10$aDelisle de La Drevetière, Louis-François,$d1682-1756$xCriticism and interpretation.
=650  \0$aCommedia dell'arte.
=650  \0$aHarlequin (Fictitious character)
=650  \0$aTheater$zItaly$xHistory$y18th century.
=710  2\$aUniversity of Alberta.$bDepartment of Romance Languages.
=900  \\$aMK27597
=949  \\$zUAIN$zETHESIS

