=LDR  01506ntm a22004331i 4500
=001  uab09271312
=003  UAB
=005  20140919144402.0
=006  m|||||o||d||||||||
=007  cr||||||||||||
=008  140919t19761976xx\\\\\\obm\\\000\0deng\d
=040  \\$aUAB$beng$erda$cUAB
=050  \4$aHG226.3$b.A85 1976
=090  \\$aInternet Access$bAEU
=100  1\$aAslani-Amoli, Ebrahim,$eauthor.
=245  14$aThe role of bonds in a monetary growth model /$cby Ebrahim Aslani-Amoli.
=264  \1$c[1976]
=264  \4$c©1976
=300  \\$a1 online resource (58 pages)
=336  \\$atext$btxt$2rdacontent
=337  \\$acomputer$bc$2rdamedia
=338  \\$aonline resource$bcr$2rdacarrier
=500  \\$a"A thesis submitted to the Faculty of Graduate Studies and Research in partial fulfilment of the requirements for the degree of Master of Arts, Department of Economics."
=502  \\$bM.A.$cUniversity of Alberta$d1976.
=504  \\$aIncludes bibliographical references (pages 57-58).
=650  \0$aMonetary policy.
=650  \0$aMoney supply.
=650  \0$aBonds$xGovernment policy.
=650  \0$aBonds.
=650  \0$aEconomic forecasting.
=650  \0$aCapital.
=650  \0$aEconomic policy.
=650  \0$aOpen market operations$xMathematical models.
=650  \0$aSolow growth model.
=600  10$aSolow, Robert M.
=650  \0$aEconomics$xMathematical models.
=650  \0$aOpen market operations.
=710  2\$aUniversity of Alberta.$bDepartment of Economics.
=900  \\$aMK27604
=949  \\$zUAIN$zETHESIS

