=LDR  01200ntm a22003251i 4500
=001  uab09271335
=003  UAB
=005  20140919151448.0
=006  m|||||o||d||||||||
=007  cr||||||||||||
=008  140919t19761976xx\\\\\\obm\\\000\0deng\d
=040  \\$aUAB$beng$erda$cUAB
=050  \4$aPA4167$b.B35 1976
=090  \\$aInternet Access$bAEU
=100  1\$aBailey, Madeleine Jane,$eauthor.
=245  14$aThe gift and its role in the Odyssey /$cby Madeleine Jane Bailey.
=264  \1$c[1976]
=264  \4$c©1976
=300  \\$a1 online resource (86 pages)
=336  \\$atext$btxt$2rdacontent
=337  \\$acomputer$bc$2rdamedia
=338  \\$aonline resource$bcr$2rdacarrier
=500  \\$a"A thesis submitted to the Faculty of Graduate Studies and Research in partial fulfilment of the requirements for the degree of Master of Arts, Department of Classics."
=502  \\$bM.A.$cUniversity of Alberta$d1976.
=504  \\$aIncludes bibliographical references (pages 85-86).
=600  00$aHomer.$tOdyssey$xCriticism and interpretation.
=650  \0$aEpic poetry, Greek$xHistory and criticism.
=650  \0$aGifts.
=710  2\$aUniversity of Alberta.$bDepartment of Classics.
=900  \\$aMK27605
=949  \\$zUAIN$zETHESIS

