=LDR  01351ntm a22003611i 4500
=001  uab09271752
=003  UAB
=005  20140922130920.0
=006  m|||||o||d||||||||
=007  cr||||||||||||
=008  140922t19761976xx\a\\\\obm\\\000\0\eng\d
=040  \\$aUAB$beng$erda$cUAB
=050  \4$aQD262$b.B85 1976
=090  \\$aInternet Access$bAEU
=100  1\$aBulat, James Andrew,$eauthor.
=245  15$aI. A practical synthesis of cis-jasmone.  II. Synthetic studies on nepetalactone and related terpenoids /$cby James Andrew Bulat.
=264  \1$c[1976]
=264  \4$c©1976
=300  \\$a1 online resource (41 pages) :$billustrations
=336  \\$atext$btxt$2rdacontent
=337  \\$acomputer$bc$2rdamedia
=338  \\$aonline resource$bcr$2rdacarrier
=500  \\$a"A thesis submitted to the Faculty of Graduate Studies and Research in partial fulfilment of the requirements for the degree of Master of Science, Department of Chemistry."
=502  \\$bM. Sc.$cUniversity of Alberta$d1976.
=504  \\$aIncludes bibliographical references (pages 39-41).
=650  \0$aOrganic compounds$xSynthesis.
=650  \0$aChemistry, Organic.
=650  \0$aPlants$xMolecular aspects.
=650  \0$aKetones.
=650  \0$aJasmonic acid.
=650  \0$aIsopentenoids.
=710  2\$aUniversity of Alberta.$bDepartment of Chemistry.
=900  \\$aMK27625
=949  \\$zUAIN$zETHESIS

