=LDR  01437ntm a22003851i 4500
=001  uab09271781
=003  UAB
=005  20140922135024.0
=006  m|||||o||d||||||||
=007  cr||||||||||||
=008  140922t19761976xx\ad\\\obm\\\000\0\eng\d
=040  \\$aUAB$beng$erda$cUAB
=043  \\$an-cn---
=050  \4$aHD9235.R32$bC2 1976
=090  \\$aInternet Access$bAEU
=100  1\$aCarter, Colin Andre,$eauthor.
=245  13$aAn evaluation of inter-temporal price relationships in the Winnipeg rapeseed futures market /$cby Colin Andre Carter.
=264  \1$c[1976]
=264  \4$c©1976
=300  \\$a1 online resource (92 pages) :$billustrations
=336  \\$atext$btxt$2rdacontent
=337  \\$acomputer$bc$2rdamedia
=338  \\$aonline resource$bcr$2rdacarrier
=500  \\$a"A thesis submitted to the Faculty of Graduate Studies and Research in partial fulfilment of the requirements for the degree of Master of Science, Department of Rural Economy."
=502  \\$bM. Sc.$cUniversity of Alberta$d1976.
=504  \\$aIncludes bibliographical references (pages 90-92).
=650  \0$aRapeseed industry$zCanada.
=650  \0$aAgricultural prices$zCanada.
=650  \0$aFood industry and trade.
=650  \0$aFutures market.
=650  \0$aHedging (Finance)
=650  \0$aRapeseed$xMarketing.
=650  \0$aCommodity futures$zCanada.
=710  2\$aUniversity of Alberta.$bDepartment of Rural Economy.
=900  \\$aMK27627
=949  \\$zUAIN$zETHESIS

