=LDR  01341ntm a22003611i 4500
=001  uab09271211
=003  UAB
=005  20140919124714.0
=006  m|||||o||d||||||||
=007  cr||||||||||||
=008  140919t19761976xx\ad\\\obm\\\000\0\eng\d
=040  \\$aUAB$beng$erda$cUAB
=043  \\$an-cn-on
=050  \4$aGB1030.O58$bW53 1976
=090  \\$aInternet Access$bAEU
=100  1\$aWiborg, Rolf,$eauthor.
=245  10$aFrontal instabilities when waterflooding at unfavourable viscosity ratios /$cby Rolf Wiborg.
=264  \1$c[1976]
=264  \4$c©1976
=300  \\$a1 online resource (x, 145 pages) :$billustrations
=336  \\$atext$btxt$2rdacontent
=337  \\$acomputer$bc$2rdamedia
=338  \\$aonline resource$bcr$2rdacarrier
=500  \\$a"A thesis submitted to the Faculty of Graduate Studies and Research in partial fulfilment of the requirements for the degree of Master of Science in Petroleum Engineering, Department of Mineral Engineering."
=502  \\$bM. Sc.$cUniversity of Alberta$d1976.
=504  \\$aIncludes bibliographical references (pages 86-91).
=650  \0$aGroundwater$zOntario$zOttawa.
=650  \0$aWater$xViscosity.
=650  \0$aOil$xViscosity.
=650  \0$aHydrodynamics.
=650  \0$aRheology.
=710  2\$aUniversity of Alberta.$bDepartment of Mineral Engineering.
=900  \\$aMK27758
=949  \\$zUAIN$zETHESIS

