=LDR  01085ntm a22003131i 4500
=001  uab09271371
=003  UAB
=005  20140919154713.0
=006  m|||||o||d||||||||
=007  cr||||||||||||
=008  140919t19761976xx\\\\\\obm\\\000\0\eng\d
=040  \\$aUAB$beng$erda$cUAB
=050  \4$aBF371$b.A37 1976
=090  \\$aInternet Access$bAEU
=100  1\$aAdrain, James,$eauthor.
=245  10$aMemory and identity /$cby James Adrain.
=264  \1$c[1976]
=264  \4$c©1976
=300  \\$a1 online resource (ix, 64 pages)
=336  \\$atext$btxt$2rdacontent
=337  \\$acomputer$bc$2rdamedia
=338  \\$aonline resource$bcr$2rdacarrier
=500  \\$a"A thesis submitted to the Faculty of Graduate Studies and Research in partial fulfilment of the requirements for the degree of Master of Arts, Department of Philosophy."
=502  \\$bM.A.$cUniversity of Alberta$d1976.
=504  \\$aIncludes bibliographical references (page 64).
=650  \0$aMemory.
=650  \0$aIdentity (Psychology)
=710  2\$aUniversity of Alberta.$bDepartment of Philosophy.
=900  \\$aMK30599
=949  \\$zUAIN$zETHESIS

