=LDR  01322ntm a22003371i 4500
=001  uab09271386
=003  UAB
=005  20140919161252.0
=006  m|||||o||d||||||||
=007  cr||||||||||||
=008  140919t19761976xx\abd\\obm\\\000\0\eng\d
=040  \\$aUAB$beng$erda$cUAB
=043  \\$an-cn-ab
=050  \4$aJC348$b.B38 1976
=090  \\$aInternet Access$bAEU
=100  1\$aBatey, William L.,$eauthor.
=245  14$aThe local requirements and spatial organization of federal services :$bthe case of Edmonton /$cby William L. Batey.
=264  \1$c[1976]
=264  \4$c©1976
=300  \\$a1 online resource (xv, 205 pages) :$billustrations, maps
=336  \\$atext$btxt$2rdacontent
=337  \\$acomputer$bc$2rdamedia
=338  \\$aonline resource$bcr$2rdacarrier
=500  \\$a"A thesis submitted to the Faculty of Graduate Studies and Research in partial fulfilment of the requirements for the degree of Master of Arts, Department of Geography."
=502  \\$bM.A.$cUniversity of Alberta$d1976.
=504  \\$aIncludes bibliographical references (pages 177-186).
=650  \0$aFederal government$zAlberta$zEdmonton.
=650  \0$aMunicipal services$zAlberta$zEdmonton.
=650  \0$aMunicipal government$zAlberta$zEdmonton.
=710  2\$aUniversity of Alberta.$bDepartment of Geography.
=900  \\$aMK30611
=949  \\$zUAIN$zETHESIS

