=LDR  01158ntm a22003251i 4500
=001  uab09271432
=003  UAB
=005  20140919171956.0
=006  m|||||o||d||||||||
=007  cr||||||||||||
=008  140919t19761976xx\a\\\\obm\\\000\0\eng\d
=040  \\$aUAB$beng$erda$cUAB
=050  \4$aQD501$b.C67 1976
=090  \\$aInternet Access$bAEU
=100  1\$aCorleto, Linda A.,$eauthor.
=245  10$aSynthetic studies of zierone /$cby Linda A. Corleto.
=264  \1$c[1976]
=264  \4$c©1976
=300  \\$a1 online resource (ix, 70 pages) :$billustrations
=336  \\$atext$btxt$2rdacontent
=337  \\$acomputer$bc$2rdamedia
=338  \\$aonline resource$bcr$2rdacarrier
=500  \\$a"A thesis submitted to the Faculty of Graduate Studies and Research in partial fulfilment of the requirements for the degree of Master of Science, Department of Chemistry."
=502  \\$bM. Sc.$cUniversity of Alberta$d1976.
=504  \\$aIncludes bibliographical references (pages 68-70).
=650  \0$aWittig reaction.
=650  \0$aChemical reactions.
=650  \0$aKetones.
=710  2\$aUniversity of Alberta.$bDepartment of Chemistry.
=900  \\$aMK30649
=949  \\$zUAIN$zETHESIS

