=LDR  01376ntm a22003491i 4500
=001  uab09271439
=003  UAB
=005  20140919174628.0
=006  m|||||o||d||||||||
=007  cr||||||||||||
=008  140919t19761976xx\\\\\\obm\\\000\0\eng\d
=040  \\$aUAB$beng$erda$cUAB
=043  \\$ae-fr---
=050  \4$aJN2771$b.B66 1976
=090  \\$aInternet Access$bAEU
=100  1\$aBonin, Kenneth Roy,$eauthor.
=245  14$aThe deputies of France, 1851-1863 :$ba quantitative study of the French legislature under the authoritarian phase of the second empire /$cby Kenneth Roy Bonin.
=264  \1$c[1976]
=264  \4$c©1976
=300  \\$a1 online resource (ix, 189 pages)
=336  \\$atext$btxt$2rdacontent
=337  \\$acomputer$bc$2rdamedia
=338  \\$aonline resource$bcr$2rdacarrier
=500  \\$a"A thesis submitted to the Faculty of Graduate Studies and Research in partial fulfilment of the requirements for the degree of Master of Arts, Department of History."
=502  \\$bM.A.$cUniversity of Alberta$d1976.
=504  \\$aIncludes bibliographical references (pages 109-118).
=610  10$aFrance.$bCorps législatif (1795-1814)
=650  \0$aElections$zFrance$xHistory.
=651  \0$aFrance$xPolitics and government$y1789-1799.
=650  \0$aAuthoritarianism$zFrance.
=710  2\$aUniversity of Alberta.$bDepartment of History.
=900  \\$aMK29493
=949  \\$zUAIN$zETHESIS

