=LDR  01208ntm a22003131i 4500
=001  uab09271564
=003  UAB
=005  20140920113602.0
=006  m|||||o||d||||||||
=007  cr||||||||||||
=008  140920t19761976xx\ad\\\obm\\\000\0\eng\d
=040  \\$aUAB$beng$erda$cUAB
=050  \4$aTK7871.89.A94$bG87 1976
=090  \\$aInternet Access$bAEU
=100  1\$aGupta, Ramesh K.,$eauthor.
=245  12$aA study of upconversion phenomena in Impatt-amplifiers /$cby Ramesh K. Gupta.
=264  \1$c[1976]
=264  \4$c©1976
=300  \\$a1 online resource (xii, 73 pages) :$billustrations
=336  \\$atext$btxt$2rdacontent
=337  \\$acomputer$bc$2rdamedia
=338  \\$aonline resource$bcr$2rdacarrier
=500  \\$a"A thesis submitted to the Faculty of Graduate Studies and Research in partial fulfilment of the requirements for the degree of Master of Science in Electrical Engineering, Department of Electrical Engineering."
=502  \\$bM. Sc.$cUniversity of Alberta$d1976.
=504  \\$aIncludes bibliographical references (pages 71-73).
=650  \0$aDiodes, IMPATT.
=650  \4$aMicrowaves.
=710  2\$aUniversity of Alberta.$bDepartment of Electrical Engineering.
=900  \\$aMK30691
=949  \\$zUAIN$zETHESIS

