=LDR  01148ntm a22003011i 4500
=001  uab09271566
=003  UAB
=005  20140920114813.0
=006  m|||||o||d||||||||
=007  cr||||||||||||
=008  140920t19761976xx\ad\\\obm\\\000\0\eng\d
=040  \\$aUAB$beng$erda$cUAB
=050  \4$aRK523$b.H37 1976
=090  \\$aInternet Access$bAEU
=100  1\$aHarle, G. D.,$eauthor.
=245  14$aThe prevalence of malocclusion in grade eight children in Edmonton /$cby G.D. Harle.
=264  \1$c[1976]
=264  \4$c©1976
=300  \\$a1 online resource (x, 51 pages) :$billustrations
=336  \\$atext$btxt$2rdacontent
=337  \\$acomputer$bc$2rdamedia
=338  \\$aonline resource$bcr$2rdacarrier
=500  \\$a"A thesis submitted to the Faculty of Graduate Studies and Research in partial fulfilment of the requirements for the degree of Master of Science in Orthodontics, Faculty of Dentistry.
=502  \\$bM. Sc.$cUniversity of Alberta$d1976.
=504  \\$aIncludes bibliographical references (pages 49-51).
=650  \0$aMalocclusion$zAlberta$zEdmonton.
=710  2\$aUniversity of Alberta.$bFaculty of Dentistry.
=900  \\$aMK30698
=949  \\$zUAIN$zETHESIS

