=LDR  01194ntm a22003011i 4500
=001  uab09272335
=003  UAB
=005  20140923194637.0
=006  m|||||o||d||||||||
=007  cr||||||||||||
=008  140923t19761976xx\a\\\\obm\\\000\0\eng\d
=040  \\$aUAB$beng$erda$cUAB
=050  \4$aP98$b.K56 1976
=090  \\$aInternet Access$bAEU
=100  1\$aKing, Janet Elaine,$eauthor.
=245  10$aCorrelating verbs with actions in a paradigm for computer language acquisition /$cby Janet Elaine King.
=264  \1$c[1976]
=264  \4$c©1976
=300  \\$a1 online resource (x, 113 pages) :$billustrations
=336  \\$atext$btxt$2rdacontent
=337  \\$acomputer$bc$2rdamedia
=338  \\$aonline resource$bcr$2rdacarrier
=500  \\$a"A thesis submitted to the Faculty of Graduate Studies and Research in partial fulfilment of the requirements for the degree of Master of Science in Computing Science, Department of Computer Science."
=502  \\$bM. Sc.$cUniversity of Alberta$d1976.
=504  \\$aIncludes bibliographical references (pages 100-102).
=650  \0$aComputational linguistics.
=710  2\$aUniversity of Alberta.$bDepartment of Computer Science.
=900  \\$aMK30726
=949  \\$zUAIN$zETHESIS

