=LDR  01229ntm a22003131i 4500
=001  uab09272340
=003  UAB
=005  20140923195744.0
=006  m|||||o||d||||||||
=007  cr||||||||||||
=008  140923t19761976xx\a\\\\obm\\\000\0\eng\d
=040  \\$aUAB$beng$erda$cUAB
=043  \\$an-cn-sn
=050  \4$aQE882.M8$bK76 1976
=090  \\$aInternet Access$bAEU
=100  1\$aKrause, David W.,$eauthor.
=245  10$aPaleocene multituberculates (Mammalia, Allotheria) of the Roche Percee local fauna, Ravenscrag Formation, Saskatchewan /$cby David W. Krause.
=264  \1$c[1976]
=264  \4$c©1976
=300  \\$a1 online resource (xxviii, 280 pages) :$billustrations
=336  \\$atext$btxt$2rdacontent
=337  \\$acomputer$bc$2rdamedia
=338  \\$aonline resource$bcr$2rdacarrier
=500  \\$a"A thesis submitted to the Faculty of Graduate Studies and Research in partial fulfilment of the requirements for the degree of Master of Science, Department of Zoology."
=502  \\$bM. Sc.$cUniversity of Alberta$d1976.
=504  \\$aIncludes bibliographical references (pages 265-280).
=650  \0$aMultituberculata$zSaskatchewan.
=710  2\$aUniversity of Alberta.$bDepartment of Zoology.
=900  \\$aMK30729
=949  \\$zUAIN$zETHESIS

