=LDR  01201ntm a22003131i 4500
=001  uab09272350
=003  UAB
=005  20140923201818.0
=006  m|||||o||d||||||||
=007  cr||||||||||||
=008  140923t19761976xx\ad\\\obm\\\000\0\eng\d
=040  \\$aUAB$beng$erda$cUAB
=050  \4$aRC552.F43$bL43 1976
=090  \\$aInternet Access$bAEU
=100  1\$aLeblanc, Christine, M.,$eauthor.
=245  10$aFear of success in sport among female basketball players and female swimmers /$cby Christine M. Leblanc.
=264  \1$c[1976]
=264  \4$c©1976
=300  \\$a1 online resource (x, 88 pages) :$billustrations
=336  \\$atext$btxt$2rdacontent
=337  \\$acomputer$bc$2rdamedia
=338  \\$aonline resource$bcr$2rdacarrier
=500  \\$a"A thesis submitted to the Faculty of Graduate Studies and Research in partial fulfilment of the requirements for the degree of Master of Arts, Department of Physical Education."
=502  \\$bM.A.$cUniversity of Alberta$d1976.
=504  \\$aIncludes bibliographical references (pages 70-75).
=650  \0$aFear of success.
=650  \0$aWomen athletes.
=710  2\$aUniversity of Alberta.$bDepartment of Physical Education.
=900  \\$aMK30736
=949  \\$zUAIN$zETHESIS

