=LDR  01139ntm a22003131i 4500
=001  uab09272352
=003  UAB
=005  20140923202125.0
=006  m|||||o||d||||||||
=007  cr||||||||||||
=008  140923t19761976xx\ad\\\obm\\\000\0\eng\d
=040  \\$aUAB$beng$erda$cUAB
=050  \4$aQH438.4.B55$bL46 1976
=090  \\$aInternet Access$bAEU
=100  1\$aLeong, Merlin Mei Lun,$eauthor.
=245  10$aGenetic markers in the chicken /$cby Merlin Mei Lun Leong.
=264  \1$c[1976]
=264  \4$c©1976
=300  \\$a1 online resource (viii, 105 pages) :$billustrations
=336  \\$atext$btxt$2rdacontent
=337  \\$acomputer$bc$2rdamedia
=338  \\$aonline resource$bcr$2rdacarrier
=500  \\$a"A thesis submitted to the Faculty of Graduate Studies and Research in partial fulfilment of the requirements for the degree of Master of Science, Department of Zoology."
=502  \\$bM. Sc.$cUniversity of Alberta$d1976.
=504  \\$aIncludes bibliographical references (pages 100-105).
=650  \0$aGenetic markers.
=650  \0$aChickens.
=710  2\$aUniversity of Alberta.$bDepartment of Zoology.
=900  \\$aMK30742
=949  \\$zUAIN$zETHESIS

