=LDR  01188ntm a22003011i 4500
=001  uab09271779
=003  UAB
=005  20140922134534.0
=006  m|||||o||d||||||||
=007  cr||||||||||||
=008  140922t19761976xx\\\\\\obm\\\000\0deng\d
=040  \\$aUAB$beng$erda$cUAB
=050  \4$aPQ3919.M33$bZ869 1976
=090  \\$aInternet Access$bAEU
=100  1\$aSmith, Diane Lee,$eauthor.
=245  10$aClaire Martin in English :$btheory and practice of literary translation /$cby Diane Lee Smith.
=264  \1$c[1976]
=264  \4$c©1976
=300  \\$a1 online resource (vii, 115 pages)
=336  \\$atext$btxt$2rdacontent
=337  \\$acomputer$bc$2rdamedia
=338  \\$aonline resource$bcr$2rdacarrier
=500  \\$a"A thesis submitted to the Faculty of Graduate Studies and Research in partial fulfilment of the requirements for the degree of Master of Arts, Department of Comparative Literature."
=502  \\$bM.A.$cUniversity of Alberta$d1976.
=504  \\$aIncludes bibliographical references (pages 110-115).
=600  10$aMartin, Claire,$d1914-$xCriticism and interpretation.
=710  2\$aUniversity of Alberta.$bDepartment of Comparative Literature.
=900  \\$aMK30831
=949  \\$zUAIN$zETHESIS

