=LDR  01254ntm a22003131i 4500
=001  uab09271812
=003  UAB
=005  20140922134534.0
=006  m|||||o||d||||||||
=007  cr||||||||||||
=008  140922t19761976xx\ad\\\obm\\\000\0\eng\d
=040  \\$aUAB$beng$erda$cUAB
=050  \4$aQP188.P26$bS74 1976
=090  \\$aInternet Access$bAEU
=100  1\$aStewart, Hugh Lewis,$eauthor.
=245  10$aMorphology and function of islets of Langerhans subjected to warm ischemia /$cby Hugh Lewis Stewart.
=264  \1$c[1976]
=264  \4$c©1976
=300  \\$a1 online resource (xii, 113 pages) :$billustrations
=336  \\$atext$btxt$2rdacontent
=337  \\$acomputer$bc$2rdamedia
=338  \\$aonline resource$bcr$2rdacarrier
=500  \\$a"A thesis submitted to the Faculty of Graduate Studies and Research in partial fulfilment of the requirements for the degree of Master of Science in Experimental Surgery, Department of Surgery."
=502  \\$bM. Sc.$cUniversity of Alberta$d1976.
=504  \\$aIncludes bibliographical references (pages 95-102).
=650  \0$aIslands of Langerhans$xPathophysiology.
=650  \0$aIslands of Langerhans$xMolecular aspects.
=710  2\$aUniversity of Alberta.$bDepartment of Surgery.
=900  \\$aMK30837
=949  \\$zUAIN$zETHESIS

