=LDR  01194ntm a22003131i 4500
=001  uab09271987
=003  UAB
=005  20140922134534.0
=006  m|||||o||d||||||||
=007  cr||||||||||||
=008  140922t19761976xx\ad\\\obm\\\000\0\eng\d
=040  \\$aUAB$beng$erda$cUAB
=043  \\$an-cn---
=050  \4$aHD9435.C2$bE38 1976
=090  \\$aInternet Access$bAEU
=100  1\$aEgteren, Jan A. Van,$eauthor.
=245  10$aStabilization of price, quantity and gross income for hog producers /$cby Jan A. Van Egteren.
=264  \1$c[1976]
=264  \4$c©1976
=300  \\$a1 online resource (xi, 111 pages) :$billustrations
=336  \\$atext$btxt$2rdacontent
=337  \\$acomputer$bc$2rdamedia
=338  \\$aonline resource$bcr$2rdacarrier
=500  \\$a"A thesis submitted to the Faculty of Graduate Studies and Research in partial fulfilment of the requirements for the degree of Master of Science, Department of Rural Economy."
=502  \\$bM. Sc.$cUniversity of Alberta$d1976.
=504  \\$aIncludes bibliographical references (pages 104-108).
=650  \0$aPork industry and trade$zCanada.
=710  2\$aUniversity of Alberta.$bDepartment of Rural Economy.
=900  \\$aMK30856
=949  \\$zUAIN$zETHESIS

