=LDR  01232ntm a22003251i 4500
=001  uab09271994
=003  UAB
=005  20140922134534.0
=006  m|||||o||d||||||||
=007  cr||||||||||||
=008  140922t19761976xx\ad\\\obm\\\000\0\eng\d
=040  \\$aUAB$beng$erda$cUAB
=050  \4$aQM165$b.W54 1976
=090  \\$aInternet Access$bAEU
=100  1\$aWiebe, Peter Norman,$eauthor.
=245  10$aPatterns of muscular fatigue during repeated maximal concentric and eccentric contractions /$cby Peter Norman Wiebe.
=264  \1$c[1976]
=264  \4$c©1976
=300  \\$a1 online resource (xiii, 97 pages) :$billustrations
=336  \\$atext$btxt$2rdacontent
=337  \\$acomputer$bc$2rdamedia
=338  \\$aonline resource$bcr$2rdacarrier
=500  \\$a"A thesis submitted to the Faculty of Graduate Studies and Research in partial fulfilment of the requirements for the degree of Master of Science, Faculty of Physical Education."
=502  \\$bM. Sc.$cUniversity of Alberta$d1976.
=504  \\$aIncludes bibliographical references (pages 73-78).
=650  \0$aArm$xMuscles.
=650  \0$aFatigue.
=650  \0$aMuscle strength.
=710  2\$aUniversity of Alberta.$bFaculty of Physical Education.
=900  \\$aMK30867
=949  \\$zUAIN$zETHESIS

