=LDR  01285ntm a22003251i 4500
=001  uab09271995
=003  UAB
=005  20140922134534.0
=006  m|||||o||d||||||||
=007  cr||||||||||||
=008  140922t19761976xx\ad\\\obm\\\000\0\eng\d
=040  \\$aUAB$beng$erda$cUAB
=050  \4$aQC973.4.I6$bW55 1976
=090  \\$aInternet Access$bAEU
=100  1\$aWilkinson, Walter John,$eauthor.
=245  12$aA range tested antenna for use with a dual-polarized riometer /$cby Walter John Wilkinson.
=264  \1$c[1976]
=264  \4$c©1976
=300  \\$a1 online resource (xxi, 187 pages) :$billustrations
=336  \\$atext$btxt$2rdacontent
=337  \\$acomputer$bc$2rdamedia
=338  \\$aonline resource$bcr$2rdacarrier
=500  \\$a"A thesis submitted to the Faculty of Graduate Studies and Research in partial fulfilment of the requirements for the degree of Master of Science in Electrical Engineering, Department of Electrical Engineering."
=502  \\$bM. Sc.$cUniversity of Alberta$d1976.
=504  \\$aIncludes bibliographical references (pages 167-171).
=650  \0$aIonospheric radio wave absorption.
=650  \0$aRiometer.
=650  \0$aElectronic measurements.
=710  2\$aUniversity of Alberta.$bDepartment of Electrical Engineering.
=900  \\$aMK30869
=949  \\$zUAIN$zETHESIS

