=LDR  01138ntm a22003011i 4500
=001  uab09272127
=003  UAB
=005  20140923113656.0
=006  m|||||o||d||||||||
=007  cr||||||||||||
=008  140923t19771977xx\\\\\\obm\\\000\0deng\d
=040  \\$aUAB$beng$erda$cUAB
=050  \4$aPS2124$b.A33 1977
=090  \\$aInternet Access$bAEU
=100  1\$aAfanasiff, Bonnie Gail,$eauthor.
=245  10$aLove and pedagogy in the works of Henry James /$cby Bonnie Gail Afanasiff.
=264  \1$c[1977]
=264  \4$c©1977
=300  \\$a1 online resource (vi, 93 pages)
=336  \\$atext$btxt$2rdacontent
=337  \\$acomputer$bc$2rdamedia
=338  \\$aonline resource$bcr$2rdacarrier
=500  \\$a"A thesis submitted to the Faculty of Graduate Studies and Research in partial fulfilment of the requirements for the degree of Master of Arts, Department of English."
=502  \\$bM.A.$cUniversity of Alberta$d1977.
=504  \\$aIncludes bibliographical references (pages 90-93).
=600  10$aJames, Henry,$d1843-1916$xCriticism and interpretation.
=710  2\$aUniversity of Alberta.$bDepartment of English.
=900  \\$aMK31929
=949  \\$zUAIN$zETHESIS

