=LDR  01173ntm a22003011i 4500
=001  uab09272145
=003  UAB
=005  20140923115629.0
=006  m|||||o||d||||||||
=007  cr||||||||||||
=008  140923t19771977xx\af\\\obm\\\000\0\eng\d
=040  \\$aUAB$beng$erda$cUAB
=050  \4$aQL377.C7$bA44 1977
=090  \\$aInternet Access$bAEU
=100  1\$aAmerongen, Helen M.,$eauthor.
=245  14$aThe anatomy of the muscle system of Stomphia coccinea (Müller) and Aiptasia diaphana (Rapp) /$cby Helen M. Amerongen.
=264  \1$c[1977]
=264  \4$c©1977
=300  \\$a1 online resource (ix, 123 pages) :$billustrations
=336  \\$atext$btxt$2rdacontent
=337  \\$acomputer$bc$2rdamedia
=338  \\$aonline resource$bcr$2rdacarrier
=500  \\$a"A thesis submitted to the Faculty of Graduate Studies and Research in partial fulfilment of the requirements for the degree of Master of Science, Department of Zoology."
=502  \\$bM. Sc.$cUniversity of Alberta$d1977.
=504  \\$aIncludes bibliographical references (pages 113-123).
=650  \0$aSea anemones$xAnatomy.
=710  2\$aUniversity of Alberta.$bDepartment of Zoology.
=900  \\$aMK31931
=949  \\$zUAIN$zETHESIS

