=LDR  01284ntm a22003251i 4500
=001  uab09272154
=003  UAB
=005  20140923120422.0
=006  m|||||o||d||||||||
=007  cr||||||||||||
=008  140923t19771977xx\ab\\\obm\\\000\0\eng\d
=040  \\$aUAB$beng$erda$cUAB
=043  \\$an-cn-ab
=050  \4$aTC826$b.A83 1977
=090  \\$aInternet Access$bAEU
=100  1\$aAsante-Kwatia, David Christian,$eauthor.
=245  14$aThe influence of irrigation and the railroad on the settlement of southern Alberta /$cby David Christian Asante-Kwatia.
=264  \1$c[1977]
=264  \4$c©1977
=300  \\$a1 online resource (xi, 150 pages) :$billustrations, maps
=336  \\$atext$btxt$2rdacontent
=337  \\$acomputer$bc$2rdamedia
=338  \\$aonline resource$bcr$2rdacarrier
=500  \\$a"A thesis submitted to the Faculty of Graduate Studies and Research in partial fulfilment of the requirements for the degree of Master of Science in Agricultural Economics, Department of Rural Economy."
=502  \\$bM. Sc.$cUniversity of Alberta$d1977.
=504  \\$aIncludes bibliographical references (pages 115-122).
=650  \0$aIrrigation$zAlberta.
=650  \0$aRailroads$zAlberta.
=710  2\$aUniversity of Alberta.$bDepartment of Rural Economy.
=900  \\$aMK31933
=949  \\$zUAIN$zETHESIS

