=LDR  01153ntm a22003131i 4500
=001  uab09271859
=003  UAB
=005  20140922150739.0
=006  m|||||o||d||||||||
=007  cr||||||||||||
=008  140922t19771977xx\\\\\\obm\\\000\0\eng\d
=040  \\$aUAB$beng$erda$cUAB
=050  \4$aQP535.Z6$bK67 1977
=090  \\$aInternet Access$bAEU
=100  1\$aKoss, Gary Michael,$eauthor.
=245  10$aZinc status in the intestinal bypass patient /$cby Gary Michael Koss.
=264  \1$c[1977]
=264  \4$c©1977
=300  \\$a1 online resource (x, 48 pages)
=336  \\$atext$btxt$2rdacontent
=337  \\$acomputer$bc$2rdamedia
=338  \\$aonline resource$bcr$2rdacarrier
=500  \\$a"A thesis submitted to the Faculty of Graduate Studies and Research in partial fulfilment of the requirements for the degree of Master of Science in Nutrition, Faculty of Home Economics."
=502  \\$bM. Sc.$cUniversity of Alberta$d1977.
=504  \\$aIncludes bibliographical references (pages 38-44).
=650  \0$aZinc in the body.
=650  \0$aJejunoileal bypass.
=710  2\$aUniversity of Alberta.$bFaculty of Home Economics.
=900  \\$aMK32006
=949  \\$zUAIN$zETHESIS

