=LDR  01164ntm a22003131i 4500
=001  uab09271926
=003  UAB
=005  20140922165624.0
=006  m|||||o||d||||||||
=007  cr||||||||||||
=008  140922t19771977xx\abd\\obm\\\000\0\eng\d
=040  \\$aUAB$beng$erda$cUAB
=050  \4$aQK495.V5$bM38 1977
=090  \\$aInternet Access$bAEU
=100  1\$aMauer, Jack C.,$eauthor.
=245  10$aComparative ecophysiology of the chromosome races in Viola adunca, J.E. Smith /$cby Jack C. Mauer.
=264  \1$c[1977]
=264  \4$c©1977
=300  \\$a1 online resource (xi, 84 pages) :$billustrations, map
=336  \\$atext$btxt$2rdacontent
=337  \\$acomputer$bc$2rdamedia
=338  \\$aonline resource$bcr$2rdacarrier
=500  \\$a"A thesis submitted to the Faculty of Graduate Studies and Research in partial fulfilment of the requirements for the degree of Master of Science, Department of Botany."
=502  \\$bM. Sc.$cUniversity of Alberta$d1977.
=504  \\$aIncludes bibliographical references (pages 72-79).
=650  \0$aViolets.
=650  \0$aEcophysiology.
=710  2\$aUniversity of Alberta.$bDepartment of Botany.
=900  \\$aMK32026
=949  \\$zUAIN$zETHESIS

