=LDR  01240ntm a22003251i 4500
=001  uab09271931
=003  UAB
=005  20140922170109.0
=006  m|||||o||d||||||||
=007  cr||||||||||||
=008  140922t19771977xx\abd\\obm\\\000\0\eng\d
=040  \\$aUAB$beng$erda$cUAB
=050  \4$aTN444.C22$bB863 1977
=090  \\$aInternet Access$bAEU
=100  1\$aMawer, Malcolm F.,$eauthor.
=245  12$aA fluid inclusion study of the Highland Valley porphyry copper deposits /$cby Malcolm F. Mawer.
=264  \1$c[1977]
=264  \4$c©1977
=300  \\$a1 online resource (xii, 155 pages) :$billustrations, maps
=336  \\$atext$btxt$2rdacontent
=337  \\$acomputer$bc$2rdamedia
=338  \\$aonline resource$bcr$2rdacarrier
=500  \\$a"A thesis submitted to the Faculty of Graduate Studies and Research in partial fulfilment of the requirements for the degree of Master of Science, Department of Geology."
=502  \\$bM. Sc.$cUniversity of Alberta$d1977.
=504  \\$aIncludes bibliographical references (pages 83-92).
=650  \0$aCopper ores$zBritish Columbia.
=650  \0$aPorphyry$zBritish Columbia.
=650  \0$aFluid inclusions.
=710  2\$aUniversity of Alberta.$bDepartment of Geology.
=900  \\$aMK32027
=949  \\$zUAIN$zETHESIS

