=LDR  01370ntm a22003251i 4500
=001  uab09272132
=003  UAB
=005  20140923114440.0
=006  m|||||o||d||||||||
=007  cr||||||||||||
=008  140923t19771977xx\a\\\\obm\\\000\0\eng\d
=040  \\$aUAB$beng$erda$cUAB
=050  \4$aRJ242$b.M66 1977
=090  \\$aInternet Access$bAEU
=100  1\$aMoore, Jannice E.,$eauthor.
=245  10$aChildren's and nurses' perceptions of stressful and satisfying situations related to hospitalization /$cby Jannice E. Moore.
=264  \1$c[1977]
=264  \4$c©1977
=300  \\$a1 online resource (xvi, 200 pages) :$billustrations
=336  \\$atext$btxt$2rdacontent
=337  \\$acomputer$bc$2rdamedia
=338  \\$aonline resource$bcr$2rdacarrier
=500  \\$a"A thesis submitted to the Faculty of Graduate Studies and Research in partial fulfilment of the requirements for the degree of Master of Health Services Administration, Division of Health Services Administration, Department of Community Medicine."
=502  \\$bMaster of Health Services Administration$cUniversity of Alberta$d1977.
=504  \\$aIncludes bibliographical references (pages 160-169).
=650  \0$aChildren$xHospital care.
=650  \0$aPediatric nursing.
=650  \0$aNurse and patient.
=710  2\$aUniversity of Alberta.$bDepartment of Community Medicine.
=900  \\$aMK32033
=949  \\$zUAIN$zETHESIS

