=LDR  01248ntm a22003251i 4500
=001  uab09272172
=003  UAB
=005  20140923123610.0
=006  m|||||o||d||||||||
=007  cr||||||||||||
=008  140923t19771977xx\a\\\\obm\\\000\0\eng\d
=040  \\$aUAB$beng$erda$cUAB
=050  \4$aQR82.E6$bN4 1977
=090  \\$aInternet Access$bAEU
=100  1\$aNg, Lai-King,$eauthor.
=245  10$aEnumeration and identification of Enterobacteriaceae in ground meats /$cby Lai-King Ng.
=264  \1$c[1977]
=264  \4$c©1977
=300  \\$a1 online resource (xii, 119 pages) :$billustrations
=336  \\$atext$btxt$2rdacontent
=337  \\$acomputer$bc$2rdamedia
=338  \\$aonline resource$bcr$2rdacarrier
=500  \\$a"A thesis submitted to the Faculty of Graduate Studies and Research in partial fulfilment of the requirements for the degree of Master of Science, Faculty of Home Economics."
=502  \\$bM. Sc.$cUniversity of Alberta$d1977.
=504  \\$aIncludes bibliographical references (pages 104-114).
=590  \\$aLibrary copy imperfect: faded throughout.
=650  \0$aEnterobacteriaceae$xIdentification.
=650  \0$aMeat$xMicrobiology.
=710  2\$aUniversity of Alberta.$bFaculty of Home Economics.
=900  \\$aMK32044
=949  \\$zUAIN$zETHESIS

