=LDR  01230ntm a22003251i 4500
=001  uab09272205
=003  UAB
=005  20140923141333.0
=006  m|||||o||d||||||||
=007  cr||||||||||||
=008  140923t19771977xx\\\\\\obm\\\000\0\eng\d
=040  \\$aUAB$beng$erda$cUAB
=050  \4$aP299.A46$bR69 1977
=090  \\$aInternet Access$bAEU
=100  1\$aRowe, Geoffrey Tobin,$eauthor.
=245  10$aAmbiguity and uncertainty :$ban experimental study /$cby Geoffrey Tobin Rowe.
=264  \1$c[1977]
=264  \4$c©1977
=300  \\$a1 online resource (xi, 127 pages)
=336  \\$atext$btxt$2rdacontent
=337  \\$acomputer$bc$2rdamedia
=338  \\$aonline resource$bcr$2rdacarrier
=500  \\$a"A thesis submitted to the Faculty of Graduate Studies and Research in partial fulfilment of the requirements for the degree of Master of Science in Psycholinguistics, Department of Linguistics."
=502  \\$bM. Sc.$cUniversity of Alberta$d1977.
=504  \\$aIncludes bibliographical references (pages 107-111).
=590  \\$aLibrary copy imperfect: faded throughout.
=650  \0$aAmbiguity.
=650  \0$aLanguage and languages.
=710  2\$aUniversity of Alberta.$bDepartment of Linguistics.
=900  \\$aMK32060
=949  \\$zUAIN$zETHESIS

