=LDR  01565ntm a22003731i 4500
=001  uab09272213
=003  UAB
=005  20140923143259.0
=006  m|||||o||d||||||||
=007  cr||||||||||||
=008  140923t19771977xx\a\\\\obm\\\000\0\spa\d
=040  \\$aUAB$beng$erda$cUAB
=041  0\$aspa$beng
=050  \4$aPQ6147.P5$bS77 1977
=090  \\$aInternet Access$bAEU
=100  1\$aSt. Pierre, Bernard R.,$eauthor.
=245  13$aLa figura del Soldado en las novelas picarescas españolas del Siglo de Oro /$cby Bernard R. St. Pierre.
=264  \1$c[1977]
=264  \4$c©1977
=300  \\$a1 online resource (ix, 208 pages) :$billustrations
=336  \\$atext$btxt$2rdacontent
=337  \\$acomputer$bc$2rdamedia
=338  \\$aonline resource$bcr$2rdacarrier
=500  \\$a"A thesis submitted to the Faculty of Graduate Studies and Research in partial fulfilment of the requirements for the degree of Master of Arts in Hispanic Literature, Department of Romance Languages."
=502  \\$bM.A.$cUniversity of Alberta$d1977.
=504  \\$aIncludes bibliographical references (pages 203-208).
=546  \\$aIn Spanish; abstract in English and Spanish.
=590  \\$aLibrary copy imperfect: p. 203 numbered twice.
=590  \\$aLibrary copy imperfect: faded throughout.
=650  \0$aPicaresque literature, Spanish$xHistory and criticism.
=650  \0$aSpanish fiction$yClassical period, 1500-1700$xHistory and criticism.
=650  \0$aSoldiers in literature.
=710  2\$aUniversity of Alberta.$bDepartment of Romance Languages.
=900  \\$aMK32062
=949  \\$zUAIN$zETHESIS

