=LDR  01309ntm a22003251i 4500
=001  uab09272261
=003  UAB
=005  20140923160036.0
=006  m|||||o||d||||||||
=007  cr||||||||||||
=008  140923t19771977xx\\\\\\obm\\\000\0dger\d
=040  \\$aUAB$beng$erda$cUAB
=041  1\$ager$beng
=050  \4$aPT1671$b.S74 1977
=090  \\$aInternet Access$bAEU
=100  1\$aStephan, Alina,$eauthor.
=245  10$aDichtung als politisches Mandat :$bWalthers politische und religiöse Lyrik unter Friedrich II /$cby Alina Stephan.
=264  \1$c[1977]
=264  \4$c©1977
=300  \\$a1 online resource (viii, 121 pages)
=336  \\$atext$btxt$2rdacontent
=337  \\$acomputer$bc$2rdamedia
=338  \\$aonline resource$bcr$2rdacarrier
=500  \\$a"A thesis submitted to the Faculty of Graduate Studies and Research in partial fulfilment of the requirements for the degree of Master of Arts, Department of Germanic Languages."
=502  \\$bM.A.$cUniversity of Alberta$d1977.
=504  \\$aIncludes bibliographical references (pages 114-121).
=546  \\$aIn German; abstract in English and German.
=600  00$aWalther,$cvon der Vogelweide,$dactive 12th century$xCriticism and interpretation.
=710  2\$aUniversity of Alberta.$bDepartment of Germanic Languages.
=900  \\$aMK32075
=949  \\$zUAIN$zETHESIS

