=LDR  01316ntm a22003251i 4500
=001  uab09272023
=003  UAB
=005  20140922214808.0
=006  m|||||o||d||||||||
=007  cr||||||||||||
=008  140922t19771977xx\ad\\\obm\\\000\0\eng\d
=040  \\$aUAB$beng$erda$cUAB
=050  \4$aQL698.3$b.A49 1977
=090  \\$aInternet Access$bAEU
=100  1\$aAlway, John Henry,$eauthor.
=245  12$aA study of social behaviour relating to brood break-up and dispersal in Franklin's grouse (Canachites Canadensis Franklinii) under captive conditions /$cby John Henry Alway.
=264  \1$c[1977]
=264  \4$c©1977
=300  \\$a1 online resource (viii, 107 pages) :$billustrations
=336  \\$atext$btxt$2rdacontent
=337  \\$acomputer$bc$2rdamedia
=338  \\$aonline resource$bcr$2rdacarrier
=500  \\$a"A thesis submitted to the Faculty of Graduate Studies and Research in partial fulfilment of the requirements for the degree of Master of Science, Department of Zoology."
=502  \\$bM. Sc.$cUniversity of Alberta$d1977.
=504  \\$aIncludes bibliographical references (pages 97-103).
=650  \0$aBirds$xBehavior.
=650  \0$aAnimal behavior$xResearch.
=650  \0$aCaptive wild birds$zCanada$zAlberta.
=710  2\$aUniversity of Alberta.$bDepartment of Zoology.
=900  \\$aMK34278
=949  \\$zUAIN$zETHESIS

