=LDR  01274ntm a22003371i 4500
=001  uab09272107
=003  UAB
=005  20140923110902.0
=006  m|||||o||d||||||||
=007  cr||||||||||||
=008  140923t19771977xx\\\\\\obm\\\000\0deng\d
=040  \\$aUAB$beng$erda$cUAB
=050  \4$aF1033.K53$bA53 1977
=090  \\$aInternet Access$bAEU
=100  1\$aAnderson, John$q(John C.),$eauthor.
=245  10$aMacKenzie King and collective security :$bthe League of Nations and the United Nations /$cby John C. Anderson.
=264  \1$c[1977]
=264  \4$c©1977
=300  \\$a1 online resource (160 pages)
=336  \\$atext$btxt$2rdacontent
=337  \\$acomputer$bc$2rdamedia
=338  \\$aonline resource$bcr$2rdacarrier
=500  \\$a"A thesis submitted to the Faculty of Graduate Studies and Research in partial fulfilment of the requirements for the degree of Master of Arts, Department of History."
=502  \\$bM.A.$cUniversity of Alberta$d1977.
=504  \\$aIncludes bibliographical references (pages 153-160).
=600  10$aKing, William Lyon Mackenzie,$d1874-1950.
=610  20$aLeague of Nations.
=610  20$aUnited Nations.
=650  \0$aNational security$zCanada.
=710  2\$aUniversity of Alberta.$bDepartment of History.
=900  \\$aMK34279
=949  \\$zUAIN$zETHESIS

