=LDR  01389ntm a22003611i 4500
=001  uab09272569
=003  UAB
=005  20140924151930.0
=006  m|||||o||d||||||||
=007  cr||||||||||||
=008  140924t19771977xx\abd\\obm\\\000\0\eng\d
=040  \\$aUAB$beng$erda$cUAB
=043  \\$an-cn---
=050  \4$aQL391.R8$bB35 1977
=090  \\$aInternet Access$bAEU
=100  1\$aBaker, Robert Lawrence,$eauthor.
=245  10$aEcology of planktonic Rotifera in a shallow eutrophic lake of Western Canada /$cby Robert Lawrence Baker.
=264  \1$c[1977]
=264  \4$c©1977
=300  \\$a1 online resource (217 pages) :$billustrations, map
=336  \\$atext$btxt$2rdacontent
=337  \\$acomputer$bc$2rdamedia
=338  \\$aonline resource$bcr$2rdacarrier
=500  \\$a"A thesis submitted to the Faculty of Graduate Studies and Research in partial fulfilment of the requirements for the degree of Master of Science, Department of Zoology."
=502  \\$bM. Sc.$cUniversity of Alberta$d1977.
=504  \\$aIncludes bibliographical references (pages 212-216).
=650  \0$aRotifera$xEcology$zCanada$zAlberta.
=650  \0$aPlankton$xGeographical distribution.
=650  \0$aLake ecology$zCanada$zAlberta.
=650  \0$aLakes$zCanada$zAlberta.
=650  \0$aEutrophication$zCanada$zAlberta.
=710  2\$aUniversity of Alberta.$bDepartment of Zoology.
=900  \\$aMK34285
=949  \\$zUAIN$zETHESIS

