=LDR  01358ntm a22003611i 4500
=001  uab09272614
=003  UAB
=005  20140924170110.0
=006  m|||||o||d||||||||
=007  cr||||||||||||
=008  140924t19771977xx\ad\\\obm\\\000\0\eng\d
=040  \\$aUAB$beng$erda$cUAB
=050  \4$aQK753.C2$bC37 1977
=090  \\$aInternet Access$bAEU
=100  1\$aCarter, Martin Roger,$eauthor.
=245  10$aEvaluation of calcium levels and ratios for optimum plant growth in the soil solution of Solonetzic soils /$cby Martin Roger Carter.
=264  \1$c[1977]
=264  \4$c©1977
=300  \\$a1 online resource (147 pages) :$billustrations
=336  \\$atext$btxt$2rdacontent
=337  \\$acomputer$bc$2rdamedia
=338  \\$aonline resource$bcr$2rdacarrier
=500  \\$a"A thesis submitted to the Faculty of Graduate Studies and Research in partial fulfilment of the requirements for the degree of Master of Science, Department of Soil Science."
=502  \\$bM. Sc.$cUniversity of Alberta$d1977.
=504  \\$aIncludes bibliographical references (pages 129-142).
=650  \0$aPlants$xEffect of calcium on.
=650  \0$aPlants$xDevelopment.
=650  \0$aCalcium.
=650  \0$aGrowth (Plants)
=650  \0$aSolonetz soils$zCanada.
=650  \0$aBarley.
=710  2\$aUniversity of Alberta.$bDepartment of Soil Science.
=900  \\$aMK34308
=949  \\$zUAIN$zETHESIS

