=LDR  01419ntm a22003731i 4500
=001  uab09272667
=003  UAB
=005  20140924191854.0
=006  m|||||o||d||||||||
=007  cr||||||||||||
=008  140924t19771977xx\ad\\\obm\\\000\0\eng\d
=040  \\$aUAB$beng$erda$cUAB
=050  \4$aQC880.4.R6$bD54 1977
=090  \\$aInternet Access$bAEU
=100  1\$aDiehl, Lawrence Wayne,$eauthor.
=245  10$aDynamics of baroclinic waves and blocking ridge development /$cby Lawrence Wayne Diehl.
=264  \1$c[1977]
=264  \4$c©1977
=300  \\$a1 online resource (106 pages) :$billustrations
=336  \\$atext$btxt$2rdacontent
=337  \\$acomputer$bc$2rdamedia
=338  \\$aonline resource$bcr$2rdacarrier
=500  \\$a"A thesis submitted to the Faculty of Graduate Studies and Research in partial fulfilment of the requirements for the degree of Master of Science in Meteorology, Department of Geography."
=502  \\$bM. Sc.$cUniversity of Alberta$d1977.
=504  \\$aIncludes bibliographical references (pages 104-106).
=650  \0$aRossby waves$xMathematical models.
=650  \0$aAtmospheric waves.
=650  \0$aBlocking (Meteorology) 
=650  \0$aHeat$xTransmission.
=650  \0$aBaroclinic models.
=650  \0$aAtmospheric circulation$xMathematical models.
=650  \0$aMeteorology$xResearch.
=710  2\$aUniversity of Alberta.$bDepartment of Geography.
=900  \\$aMK34324
=949  \\$zUAIN$zETHESIS

