=LDR  01420ntm a22003731i 4500
=001  uab09272685
=003  UAB
=005  20140924205044.0
=006  m|||||o||d||||||||
=007  cr||||||||||||
=008  140924t19771977xx\abd\\obm\\\000\0\eng\d
=040  \\$aUAB$beng$erda$cUAB
=043  \\$an-cn-ab
=050  \4$aTA804.C2$bE46 1977
=090  \\$aInternet Access$bAEU
=100  1\$aEl-nahhas, Fathalla,$eauthor.
=245  10$aField measurements in two tunnels in the city of Edmonton /$cby Fathalla El-Nahhas.
=264  \1$c[1977]
=264  \4$c©1977
=300  \\$a1 online resource (85 pages) :$billustrations, maps
=336  \\$atext$btxt$2rdacontent
=337  \\$acomputer$bc$2rdamedia
=338  \\$aonline resource$bcr$2rdacarrier
=500  \\$a"A thesis submitted to the Faculty of Graduate Studies and Research in partial fulfilment of the requirements for the degree of Master of Science, Department of Civil Engineering."
=502  \\$bM. Sc.$cUniversity of Alberta$d1977.
=504  \\$aIncludes bibliographical references (pages 81-85).
=650  \0$aTunnels$zCanada$zAlberta$zEdmonton.
=650  \0$aTunneling$zCanada$xMathematical models$xStudy and research.
=650  \0$aEngineering mathematics.
=650  \0$aCivil engineering.
=650  \0$aFinite element method.
=650  \0$aTunnels$xSurveying.
=710  2\$aUniversity of Alberta.$bDepartment of Civil Engineering.
=900  \\$aMK34333
=949  \\$zUAIN$zETHESIS

