=LDR  01376ntm a22003371i 4500
=001  uab09272848
=003  UAB
=005  20140925141517.0
=006  m|||||o||d||||||||
=007  cr||||||||||||
=008  140925t19771977xx\a\\\\obm\\\000\0\eng\d
=040  \\$aUAB$beng$erda$cUAB
=043  \\$an-cn---$an-cn-ab
=050  \4$aQL737.R652$bH37 1977
=090  \\$aInternet Access$bAEU
=100  1\$aHarder, Lawrence D.,$eauthor.
=245  10$aWinter food habits of porcupines :$bErethizon dorsatum and their relationship to habitat use in montane forests of southwestern Alberta /$cby Lawrence D. Harder.
=264  \1$c[1977]
=264  \4$c©1977
=300  \\$a1 online resource (146 pages) :$billustrations
=336  \\$atext$btxt$2rdacontent
=337  \\$acomputer$bc$2rdamedia
=338  \\$aonline resource$bcr$2rdacarrier
=500  \\$a"A thesis submitted to the Faculty of Graduate Studies and Research in partial fulfilment of the requirements for the degree of Master of Science, Department of Zoology."
=502  \\$bM .Sc.$cUniversity of Alberta$d1977.
=504  \\$aIncludes bibliographical references (pages 114-120).
=650  \0$aPorcupines$xFeeding and feeds$xClimactic factors$xResearch.
=650  \1$aForest animals$xHabitat$xResearch.
=650  \0$aMammals$zCanada$zAlberta.
=710  2\$aUniversity of Alberta.$bDepartment of Zoology.
=900  \\$aMK34358
=949  \\$zUAIN$zETHESIS

