=LDR  01254ntm a22003371i 4500
=001  uab09272171
=003  UAB
=005  20140923123443.0
=006  m|||||o||d||||||||
=007  cr||||||||||||
=008  140923t19771977xx\ae\\\obm\\\000\0\eng\d
=040  \\$aUAB$beng$erda$cUAB
=043  \\$ae-it---
=050  \4$aNA310$b.R67 1977
=090  \\$aInternet Access$bAEU
=100  1\$aRossiter, J. J.,$eauthor.
=245  14$aThe Roman villa rustica in Italy /$cby Jeremy J. Rossiter.
=264  \1$c[1977]
=264  \4$c©1977
=300  \\$a1 online resource (x, 117 pages) :$billustrations, plans
=336  \\$atext$btxt$2rdacontent
=337  \\$acomputer$bc$2rdamedia
=338  \\$aonline resource$bcr$2rdacarrier
=500  \\$a"A thesis submitted to the Faculty of Graduate Studies and Research in partial fulfilment of the requirements for the degree of Master of Arts in Classical Archaeology, Department of Classics."
=502  \\$bM.A.$cUniversity of Alberta$d1977.
=504  \\$aIncludes bibliographical references (pages 59-64).
=650  \0$aArchitecture, Roman$zItaly.
=650  \0$aArt objects, Roman$zItaly.
=650  \0$aExcavations (Archaeology)$zItaly.
=710  2\$aUniversity of Alberta.$bDepartment of Classics.
=900  \\$aMK34465
=949  \\$zUAIN$zETHESIS

