=LDR  01369ntm a22003491i 4500
=001  uab09272233
=003  UAB
=005  20140923150011.0
=006  m|||||o||d||||||||
=007  cr||||||||||||
=008  140923t19771977xx\ad\\\obm\\\000\0\eng\d
=040  \\$aUAB$beng$erda$cUAB
=043  \\$an-cn-ab
=050  \4$aGV848.C2$bS55 1977
=090  \\$aInternet Access$bAEU
=100  1\$aSlipp, Robert McKinley,$eauthor.
=245  10$aPhysical work capacity along with muscular strength and endurance levels of intercollegiate hockey players /$cby Robert McKinley Slipp.
=264  \1$c[1977]
=264  \4$c©1977
=300  \\$a1 online resource (viii, 115 pages) :$billustrations
=336  \\$atext$btxt$2rdacontent
=337  \\$acomputer$bc$2rdamedia
=338  \\$aonline resource$bcr$2rdacarrier
=500  \\$a"A thesis submitted to the Faculty of Graduate Studies and Research in partial fulfillment of the requirements for the degree of Master of Science, Department of Physical Education."
=502  \\$bM. Sc.$cUniversity of Alberta$d1977.
=504  \\$aIncludes bibliographical references (pages 58-65).
=650  \0$aHockey$xTraining$zAlberta.
=650  \0$aHockey players$zAlberta.
=650  \0$aMuscle strength$xTesting.
=650  \0$aPhysical fitness$xTesting.
=710  2\$aUniversity of Alberta.$bDepartment of Physical Education.
=900  \\$aMK34480
=949  \\$zUAIN$zETHESIS

