=LDR  01330ntm a22003491i 4500
=001  uab09272246
=003  UAB
=005  20140923153748.0
=006  m|||||o||d||||||||
=007  cr||||||||||||
=008  140923t19771977xx\\\\\\obm\\\000\0\eng\d
=040  \\$aUAB$beng$erda$cUAB
=043  \\$an-us---
=050  \4$aHN57$b.S65 1977
=090  \\$aInternet Access$bAEU
=100  1\$aSolomon, Ellen Schoeck,$eauthor.
=245  10$aInteraction and continuity in American reform, 1825-1870 /$cby Ellen Schoeck Solomon.
=264  \1$c[1977]
=264  \4$c©1977
=300  \\$a1 online resource (viii, 221 pages)
=336  \\$atext$btxt$2rdacontent
=337  \\$acomputer$bc$2rdamedia
=338  \\$aonline resource$bcr$2rdacarrier
=500  \\$a"A thesis submitted to the Faculty of Graduate Studies and Research in partial fulfilment of the requirements for the degree of Master of Arts, Department of History."
=502  \\$bM.A.$cUniversity of Alberta$d1977.
=504  \\$aIncludes bibliographical references (pages 211-221).
=651  \0$aUnited States$xSocial policy.
=650  \0$aSocial reformers$zUnited States$xHistory.
=651  \0$aUnited States$xSocial conditions$y1865-1918.
=651  \0$aUnited States$xSocial conditions$y1918-1932.
=710  2\$aUniversity of Alberta.$bDepartment of History.
=900  \\$aMK34485
=949  \\$zUAIN$zETHESIS

