=LDR  01356ntm a22003251i 4500
=001  uab09272258
=003  UAB
=005  20140923155803.0
=006  m|||||o||d||||||||
=007  cr||||||||||||
=008  140923t19771977xx\\\\\\obm\\\000\0\eng\d
=040  \\$aUAB$beng$erda$cUAB
=043  \\$ae-ur---
=050  \4$aDK266$b.T35 1977
=090  \\$aInternet Access$bAEU
=100  1\$aTait, Lyn M.,$eauthor.
=245  10$aComparative perceptions of Soviet Government :$bwestern social science models and Soviet dissent literature /$cby Lyn M. Tait.
=264  \1$c[1977]
=264  \4$c©1977
=300  \\$a1 online resource (vi, 151 pages)
=336  \\$atext$btxt$2rdacontent
=337  \\$acomputer$bc$2rdamedia
=338  \\$aonline resource$bcr$2rdacarrier
=500  \\$a"A thesis submitted to the Faculty of Graduate Studies and Research in partial fulfillment of the requirements for the degree of Master of Arts in East European and Soviet Studies, Department of Political Science, Division of East European Studies."
=502  \\$bM.A.$cUniversity of Alberta$d1977.
=504  \\$aIncludes bibliographical references (pages 143-151).
=651  \0$aSoviet Union$zPolitics and government.
=650  \0$aComparative government.
=710  2\$aUniversity of Alberta.$bDepartment of Political Science, Division of East European Studies.
=900  \\$aMK34497
=949  \\$zUAIN$zETHESIS

