=LDR  01163ntm a22003011i 4500
=001  uab09272280
=003  UAB
=005  20140923163626.0
=006  m|||||o||d||||||||
=007  cr||||||||||||
=008  140923t19771977xx\ad\\\obm\\\000\0\eng\d
=040  \\$aUAB$beng$erda$cUAB
=050  \4$aSD397.R54$bW55 1977
=090  \\$aInternet Access$bAEU
=100  1\$aWilkinson, Amanda Jane,$eauthor.
=245  10$aPhysiological aspects of the cold hardiness of Ledum groenlandicum /$cby Amanda Jane Wilkinson.
=264  \1$c[1977]
=264  \4$c©1977
=300  \\$a1 online resource (xii, 159 pages) :$billustrations
=336  \\$atext$btxt$2rdacontent
=337  \\$acomputer$bc$2rdamedia
=338  \\$aonline resource$bcr$2rdacarrier
=500  \\$a"A thesis submitted to the Faculty of Graduate Studies and Research in partial fulfilment of the requirements for the degree of Master of Science, Department of Botany."
=502  \\$bM. Sc.$cUniversity of Alberta$d1977.
=504  \\$aIncludes bibliographical references (pages 116-130).
=650  \0$aRhododendrons$xEffect of cold on.
=710  2\$aUniversity of Alberta.$bDepartment of Botany.
=900  \\$aMK34517
=949  \\$zUAIN$zETHESIS

