=LDR  01161ntm a22003011i 4500
=001  uab09272285
=003  UAB
=005  20140923164252.0
=006  m|||||o||d||||||||
=007  cr||||||||||||
=008  140923t19771977xx\abd\\obm\\\000\0\eng\d
=040  \\$aUAB$beng$erda$cUAB
=050  \4$aQK495.C24$bW65 1977
=090  \\$aInternet Access$bAEU
=100  1\$aWolf, Steven J.,$eauthor.
=245  14$aThe taxonomy of Minuartia rossii (R. Br. ex Richards.) Graebn. sensu lato (Caryophyllaceae) /$cby Steven J. Wolf.
=264  \1$c[1977]
=264  \4$c©1977
=300  \\$a1 online resource (xi, 107 pages) :$billustrations, maps
=336  \\$atext$btxt$2rdacontent
=337  \\$acomputer$bc$2rdamedia
=338  \\$aonline resource$bcr$2rdacarrier
=500  \\$a"A thesis submitted to the Faculty of Graduate Studies and Research in partial fulfilment of the requirements for the degree of Master of Science, Department of Botany."
=502  \\$bM. Sc.$cUniversity of Alberta$d1977.
=504  \\$aIncludes bibliographical references (pages 96-101).
=650  \0$aCaryophyllaceae.
=710  2\$aUniversity of Alberta.$bDepartment of Botany.
=900  \\$aMK34520
=949  \\$zUAIN$zETHESIS

